
@misc{ashenfelter1984using,
  title={Using the longitudinal structure of earnings to estimate the effect of training programs},
  author={Ashenfelter, Orley C and Card, David},
  year={1984},
  publisher={National Bureau of Economic Research Cambridge, Mass., USA},
  url={https://www.nber.org/system/files/working_papers/w1489/w1489.pdf}
}

@article{rosenbaum1983central,
  title={The central role of the propensity score in observational studies for causal effects},
  author={Rosenbaum, Paul R and Rubin, Donald B},
  journal={Biometrika},
  volume={70},
  number={1},
  pages={41--55},
  year={1983},
  publisher={Oxford University Press},
  url={https://doi.org/10.1093/biomet/70.1.41}
}

@article{rosenbaum1985constructing,
  title={Constructing a control group using multivariate matched sampling methods that incorporate the propensity score},
  author={Rosenbaum, Paul R and Rubin, Donald B},
  journal={The American Statistician},
  volume={39},
  number={1},
  pages={33--38},
  year={1985},
  publisher={Taylor \& Francis},
  url={https://www.tandfonline.com/doi/abs/10.1080/00031305.1985.10479383}
}

@article{heckman1998matching,
  title={Matching as an econometric evaluation estimator},
  author={Heckman, James J and Ichimura, Hidehiko and Todd, Petra},
  journal={The review of economic studies},
  volume={65},
  number={2},
  pages={261--294},
  year={1998},
  publisher={Wiley-Blackwell},
  url={https://doi.org/10.1111/1467-937X.00044}
}

@article{heckman1997matching,
  title={Matching as an econometric evaluation estimator: Evidence from evaluating a job training programme},
  author={Heckman, James J and Ichimura, Hidehiko and Todd, Petra E},
  journal={The review of economic studies},
  volume={64},
  number={4},
  pages={605--654},
  year={1997},
  publisher={Wiley-Blackwell},
  url={https://doi.org/10.2307/2971733}
}

@article{mill1851system,
  title={A System of Logic (ed.)},
  author={Mill, John Stuart},
  journal={E. Nagel (New York, 1950), Book I},
  year={1851}
}