@article{koijen2019demand,
  title={A demand system approach to asset pricing},
  author={Koijen, Ralph SJ and Yogo, Motohiro},
  journal={Journal of Political Economy},
  volume={127},
  number={4},
  pages={1475--1515},
  year={2019},
  publisher={The University of Chicago Press Chicago, IL}
}

@article{hsieh2009misallocation,
  title={Misallocation and manufacturing TFP in China and India},
  author={Hsieh, Chang-Tai and Klenow, Peter J},
  journal={The Quarterly journal of economics},
  volume={124},
  number={4},
  pages={1403--1448},
  year={2009},
  publisher={MIT Press}
}

@article{midrigan2014finance,
  title={Finance and misallocation: Evidence from plant-level data},
  author={Midrigan, Virgiliu and Xu, Daniel Yi},
  journal={American economic review},
  volume={104},
  number={2},
  pages={422--458},
  year={2014},
  publisher={American Economic Association 2014 Broadway, Suite 305, Nashville, TN 37203}
}

@article{moll2014productivity,
  title={Productivity losses from financial frictions: Can self-financing undo capital misallocation?},
  author={Moll, Benjamin},
  journal={American Economic Review},
  volume={104},
  number={10},
  pages={3186--3221},
  year={2014},
  publisher={American Economic Association 2014 Broadway, Suite 305, Nashville, TN 37203}
}

@article{david2022risk,
  title={Risk-adjusted capital allocation and misallocation},
  author={David, Joel M and Schmid, Lukas and Zeke, David},
  journal={Journal of Financial Economics},
  volume={145},
  number={3},
  pages={684--705},
  year={2022},
  publisher={Elsevier}
}

@article{dessaint2019noisy,
  title={Noisy stock prices and corporate investment},
  author={Dessaint, Olivier and Foucault, Thierry and Fr{\'e}sard, Laurent and Matray, Adrien},
  journal={The Review of Financial Studies},
  volume={32},
  number={7},
  pages={2625--2672},
  year={2019},
  publisher={Oxford University Press}
}

@article{warusawitharana2016equity,
  title={Equity market misvaluation, financing, and investment},
  author={Warusawitharana, Missaka and Whited, Toni M},
  journal={The Review of Financial Studies},
  volume={29},
  number={3},
  pages={603--654},
  year={2016},
  publisher={Oxford University Press}
}