
@article{ledoit2004,
	title = {Honey, I Shrunk the Sample Covariance Matrix},
	author = {Ledoit, Olivier and Wolf, Michael},
	year = {2004},
	month = {07},
	date = {2004-07-31},
	journal = {The Journal of Portfolio Management},
	pages = {110--119},
	volume = {30},
	number = {4},
	doi = {10.3905/jpm.2004.110},
	url = {http://dx.doi.org/10.3905/jpm.2004.110},
	langid = {en}
}

@article{ledoit2003,
	title = {Improved estimation of the covariance matrix of stock returns with an application to portfolio selection},
	author = {Ledoit, Olivier and Wolf, Michael},
	year = {2003},
	month = {12},
	date = {2003-12},
	journal = {Journal of Empirical Finance},
	pages = {603--621},
	volume = {10},
	number = {5},
	doi = {10.1016/s0927-5398(03)00007-0},
	url = {http://dx.doi.org/10.1016/S0927-5398(03)00007-0},
	langid = {en}
}

@article{ledoit2012,
	title = {Nonlinear shrinkage estimation of large-dimensional covariance matrices},
	author = {Ledoit, Olivier and Wolf, Michael},
	year = {2012},
	month = {04},
	date = {2012-04-01},
	journal = {The Annals of Statistics},
	volume = {40},
	number = {2},
	doi = {10.1214/12-aos989},
	url = {http://dx.doi.org/10.1214/12-AOS989}
}

@article{fan2008,
	title = {High dimensional covariance matrix estimation using a factor model},
	author = {Fan, Jianqing and Fan, Yingying and Lv, Jinchi},
	year = {2008},
	month = {11},
	date = {2008-11},
	journal = {Journal of Econometrics},
	pages = {186--197},
	volume = {147},
	number = {1},
	doi = {10.1016/j.jeconom.2008.09.017},
	url = {http://dx.doi.org/10.1016/j.jeconom.2008.09.017},
	langid = {en}
}


@article{wang2005shrinkage,
  title={A shrinkage approach to model uncertainty and asset allocation},
  author={Wang, Zhenyu},
  journal={Review of Financial Studies},
  pages={673--705},
  year={2005},
  publisher={JSTOR}
}
@article{pflug2012,
	title = {The 1/N investment strategy is optimal under high model ambiguity},
	author = {Pflug, Georg Ch. and Pichler, Alois and Wozabal, David},
	year = {2012},
	month = {02},
	date = {2012-02},
	journal = {Journal of Banking & Finance},
	pages = {410--417},
	volume = {36},
	number = {2},
	doi = {10.1016/j.jbankfin.2011.07.018},
	url = {http://dx.doi.org/10.1016/j.jbankfin.2011.07.018},
	langid = {en}
}

@article{kan2007,
	title = {Optimal Portfolio Choice with Parameter Uncertainty},
	author = {Kan, Raymond and Zhou, Guofu},
	year = {2007},
	month = {09},
	date = {2007-09},
	journal = {Journal of Financial and Quantitative Analysis},
	pages = {621--656},
	volume = {42},
	number = {3},
	doi = {10.1017/s0022109000004129},
	url = {http://dx.doi.org/10.1017/s0022109000004129},
	langid = {en}
}

@article{hautsch2019,
	title = {Large-scale portfolio allocation under transaction costs and model uncertainty},
	author = {Hautsch, Nikolaus and Voigt, Stefan},
	year = {2019},
	month = {09},
	date = {2019-09},
	journal = {Journal of Econometrics},
	pages = {221--240},
	volume = {212},
	number = {1},
	doi = {10.1016/j.jeconom.2019.04.028},
	url = {http://dx.doi.org/10.1016/j.jeconom.2019.04.028},
	langid = {en}
}


@article{van2010predictive,
  title={Predictive regressions: A present-value approach},
  author={Van Binsbergen, Jules H and Koijen, Ralph SJ},
  journal={The Journal of Finance},
  volume={65},
  number={4},
  pages={1439--1471},
  year={2010},
  publisher={Wiley Online Library}
}

