@article{hoffmann2008corporate,
  title={Corporate carbon performance indicators: Carbon intensity, dependency, exposure, and risk},
  author={Hoffmann, Volker H and Busch, Timo},
  journal={Journal of Industrial Ecology},
  volume={12},
  number={4},
  pages={505--520},
  year={2008},
  publisher={Wiley Online Library},
  url={ https://doi.org/10.1111/j.1530-9290.2008.00066.x}
}

@article{ehlers2022pricing,
  title={The pricing of carbon risk in syndicated loans: Which risks are priced and why?},
  author={Ehlers, Torsten and Packer, Frank and de Greiff, Kathrin},
  journal={Journal of Banking \& Finance},
  volume={136},
  pages={106180},
  year={2022},
  publisher={Elsevier},
  url={https://doi. org/10.1016/j.jbankfin.2021.106180}
}

@article{nguyen2020carbon,
  title={Carbon risk and corporate capital structure},
  author={Nguyen, Justin Hung and Phan, Hieu V},
  journal={Journal of Corporate Finance},
  volume={64},
  pages={101713},
  year={2020},
  publisher={Elsevier},
  url={https://doi.org/10.1016/j.jcorpfin.2020.101713}
}


@article{clarkson2015valuation,
  title={The valuation relevance of greenhouse gas emissions under the European Union carbon emissions trading scheme},
  author={Clarkson, Peter M and Li, Yue and Pinnuck, Matthew and Richardson, Gordon D},
  journal={European Accounting Review},
  volume={24},
  number={3},
  pages={551--580},
  year={2015},
  publisher={Taylor \& Francis},
  url={https://doi.org/10.1080/ 09638180.2014.927782}
}

@article{trinks2020efficiency,
  title={An efficiency perspective on carbon emissions and financial performance},
  author={Trinks, Arjan and Mulder, Machiel and Scholtens, Bert},
  journal={Ecological Economics},
  volume={175},
  pages={106632},
  year={2020},
  publisher={Elsevier},
  url={https://doi.org/10.1016/j.ecolecon.2020.106632}
}

@article{andrew2011carbon,
  title={Carbon disclosures: Comparability, the carbon disclosure project and the greenhouse gas protocol},
  author={Andrew, Jane and Cortese, Corinne L},
  journal={Australasian Accounting, Business and Finance Journal},
  volume={5},
  number={4},
  pages={5--18},
  year={2011},
  url={https://ro.uow.edu.au/aabfj/vol5/iss4/3/}
}

@article{xue2020corporate,
  title={Corporate environmental performance, environmental management and firm risk},
  author={Xue, Bai and Zhang, Zhuang and Li, Pingli},
  journal={Business Strategy and the Environment},
  volume={29},
  number={3},
  pages={1074--1096},
  year={2020},
  publisher={Wiley Online Library},
  url={https://doi.org/10.1002/bse.2418}
}


@article{capasso2020climate,
  title={Climate change and credit risk},
  author={Capasso, Giusy and Gianfrate, Gianfranco and Spinelli, Marco},
  journal={Journal of Cleaner Production},
  volume={266},
  pages={121634},
  year={2020},
  publisher={Elsevier},
  url={https://doi.org/10.1016/j.jclepro.2020.121634}
}

@article{kabir2021carbon,
  title={Carbon emissions and default risk: International evidence from firm-level data},
  author={Kabir, Md Nurul and Rahman, Sohanur and Rahman, Md Arifur and Anwar, Mumtaheena},
  journal={Economic Modelling},
  volume={103},
  pages={105617},
  year={2021},
  publisher={Elsevier},
  url={https://doi.org/10.1016/j.econmod.2021.105617}
}

@article{duong2022firms,
  title={Do firms benefit from carbon risk management? Evidence from the credit default swaps market},
  author={Duong, Huu Nhan and Kalev, Petko S and Kalimipalli, Madhu and Trivedi, Saurabh},
  journal={Evidence from the Credit Default Swaps Market (April 28, 2022)},
  year={2022},
  url={https://ssrn.com/abstract=4095816}
}

@article{oestreich2015carbon,
  title={Carbon emissions and stock returns: Evidence from the EU Emissions Trading Scheme},
  author={Oestreich, A Marcel and Tsiakas, Ilias},
  journal={Journal of Banking \& Finance},
  volume={58},
  pages={294--308},
  year={2015},
  publisher={Elsevier}
}

@article{bolton2021investors,
  title={Do investors care about carbon risk?},
  author={Bolton, Patrick and Kacperczyk, Marcin},
  journal={Journal of financial economics},
  volume={142},
  number={2},
  pages={517--549},
  year={2021},
  publisher={Elsevier}
}

@article{in2017being,
  title={Is “being green” rewarded in the market? an empirical investigation of decarbonization risk and stock returns},
  author={In, Soh Young and Park, Ki Young and Monk, Ashby},
  journal={International Association for Energy Economics (Singapore Issue)},
  volume={46},
  number={48},
  year={2017},
  url={https://ssrn.com/abstract=3020304}
}

@article{li2014carbon,
  title={Carbon emissions and the cost of capital: Australian evidence},
  author={Li, Yongqing and Eddie, Ian and Liu, Jinghui},
  journal={Review of Accounting and Finance},
  volume={13},
  number={4},
  pages={400--420},
  year={2014},
  publisher={Emerald Group Publishing Limited},
  url={https://doi.org/10.1108/RAF-08-2012-0074}
}

@article{bernardini2021impact,
  title={The impact of carbon risk on stock returns: Evidence from the European electric utilities},
  author={Bernardini, Enrico and Di Giampaolo, Johnny and Faiella, Ivan and Poli, Riccardo},
  journal={Journal of Sustainable Finance \& Investment},
  volume={11},
  number={1},
  pages={1--26},
  year={2021},
  publisher={Taylor \& Francis},
  url={https://doi.org/10.1080/20430795.2019.1569445}
}

@article{gorgen2020carbon,
  title={Carbon risk},
  author={G{\"o}rgen, Maximilian and Jacob, Andrea and Nerlinger, Martin and Riordan, Ryan and Rohleder, Martin and Wilkens, Marco},
  journal={Available at SSRN 2930897},
  year={2020},
  url={https://papers.ssrn.com/sol3/papers.cfm?abstract_id=2930897}
}

@phdthesis{najah2012carbon,
  title={Carbon risk management, carbon disclosure and stock market effects: An international perspective},
  author={Najah, Muftah Mohamed Salem},
  year={2012},
  school={University of Southern Queensland},
  url={https://research.usq.edu.au/download/787bd16a8948bd1a9e9e9533c5ec5fb0225a5524a2d2d8364d9f18d5eadbdb92/1881543/Najah__2012_whole.pdf}
}

@article{bui2020carbon,
  title={Carbon disclosure, emission intensity and cost of equity capital: multi-country evidence},
  author={Bui, Binh and Moses, Olayinka and Houqe, Muhammad N},
  journal={Accounting \& Finance},
  volume={60},
  number={1},
  pages={47--71},
  year={2020},
  publisher={Wiley Online Library},
  url={https://doi.org/10.1111/acfi.12492}
}

@article{albarrak2019effect,
  title={The effect of carbon dissemination on cost of equity},
  author={Albarrak, Mohammed S and Elnahass, Marwa and Salama, Aly},
  journal={Business Strategy and the Environment},
  volume={28},
  number={6},
  pages={1179--1198},
  year={2019},
  publisher={Wiley Online Library},
  url={https://doi.org/10.1002/bse.2310}
}

@article{kim2015effect,
  title={The effect of carbon risk on the cost of equity capital},
  author={Kim, Yeon-Bok and An, Hyoung Tae and Kim, Jong Dae},
  journal={Journal of Cleaner Production},
  volume={93},
  pages={279--287},
  year={2015},
  publisher={Elsevier},
  url={https://doi.org/10.1016/j.jclepro.201 5.01.006 23}
}

@article{alsaifi2022carbon,
  title={Carbon disclosure and firm risk: evidence from the UK corporate responses to climate change},
  author={Alsaifi, Khaled and Elnahass, Marwa and Al-Awadhi, Abdullah M and Salama, Aly},
  journal={Eurasian Business Review},
  volume={12},
  number={3},
  pages={505--526},
  year={2022},
  publisher={Springer},
  url={https://doi.org/10.1007/s40821-021-00190-0}
}

@article{chen2012pricing,
  title={The pricing of climate risk},
  author={Chen, Linda H and Silva Gao, Lucia},
  journal={Journal of Financial and Economic Practice, Vol12 (2), Spring},
  pages={115--131},
  year={2012},
  url={https://ssrn.com/abstract=1940727}
}

@article{jung2018carbon,
  title={Carbon risk, carbon risk awareness and the cost of debt financing},
  author={Jung, Juhyun and Herbohn, Kathleen and Clarkson, Peter},
  journal={Journal of Business Ethics},
  volume={150},
  pages={1151--1171},
  year={2018},
  publisher={Springer},
  url={https://doi.org/1 0.1007/s10551-016-3207-6}
}

@article{zhou2018carbon,
  title={Carbon risk, cost of debt financing and the moderation effect of media attention: Evidence from Chinese companies operating in high-carbon industries},
  author={Zhou, Zhifang and Zhang, Tao and Wen, Kang and Zeng, Huixiang and Chen, Xiaohong},
  journal={Business Strategy and the Environment},
  volume={27},
  number={8},
  pages={1131--1144},
  year={2018},
  publisher={Wiley Online Library},
  url={https://doi.org/10.1002/bse.2056}
  
}

@article{delis2019being,
  title={Being stranded with fossil fuel reserves? Climate policy risk and the pricing of bank loans},
  author={Delis, Manthos D and De Greiff, Kathrin and Ongena, Steven},
  journal={Climate Policy Risk and the Pricing of Bank loans (September 10, 2019). EBRD Working Paper},
  number={231},
  year={2019},
  url={https://doi.org/10.2139/ssrn.3451335}
}
@article{chen2023,
	title = {Presidential economic approval rating and the cross-section of stock returns},
	author = {Chen, Zilin and Da, Zhi and Huang, Dashan and Wang, Liyao},
	year = {2023},
	month = {01},
	date = {2023-01-01},
	journal = {Journal of Financial Economics},
	pages = {106--131},
	volume = {147},
	number = {1},
	doi = {10.1016/j.jfineco.2022.10.004},
	url = {https://www.sciencedirect.com/science/article/pii/S0304405X22002240},
	langid = {en}
}

@article{kleimeier2018carbon,
  title={Carbon disclosure, emission levels, and the cost of debt},
  author={Kleimeier, Stefanie and Viehs, Michael},
  journal={Emission Levels, and the Cost of Debt (January 7, 2018)},
  year={2018},
  url={https://doi.org/10.2139/ssrn.2719665}
}

@article{diamond1991disclosure,
  title={Disclosure, liquidity, and the cost of capital},
  author={Diamond, Douglas W and Verrecchia, Robert E},
  journal={The journal of Finance},
  volume={46},
  number={4},
  pages={1325--1359},
  year={1991},
  publisher={Wiley Online Library},
  url={https://doi.org/10.2307/2328861}
}

@article{maaloul2018effect,
  title={The effect of greenhouse gas emissions on cost of debt: Evidence from Canadian firms},
  author={Maaloul, Anis},
  journal={Corporate Social Responsibility and Environmental Management},
  volume={25},
  number={6},
  pages={1407--1415},
  year={2018},
  publisher={Wiley Online Library},
  url={https://doi.org/10.1002/csr.1662}
}

@article{kumar2018impact,
  title={Impact of carbon emissions on cost of debt-evidence from India},
  author={Kumar, Praveen and Firoz, Mohammad},
  journal={Managerial Finance},
  year={2018},
  publisher={Emerald Publishing Limited},
  url={https://doi.org/10.1108/MF-03-2018-0108}
}

@article{kumar2006,
	title = {Retail investor sentiment and return comovements},
	author = {Kumar, Alok and Lee, Charles MC},
	year = {2006},
	date = {2006},
	journal = {The Journal of Finance},
	pages = {2451{\textendash}2486},
	volume = {61},
	number = {5},
	note = {Publisher: Wiley Online Library},
	url={https://doi.org/10.1108/MF-03-2018-0108}
	
}

@article{aupperle1985empirical,
  title={An empirical examination of the relationship between corporate social responsibility and profitability},
  author={Aupperle, Kenneth E and Carroll, Archie B and Hatfield, John D},
  journal={Academy of management Journal},
  volume={28},
  number={2},
  pages={446--463},
  year={1985},
  publisher={Academy of Management Briarcliff Manor, NY 10510},
  url={https://doi.org/10.5465/256210}
}

@article{busch2018corporate,
  title={Corporate carbon and financial performance: A meta-analysis},
  author={Busch, Timo and Lewandowski, Stefan},
  journal={Journal of Industrial Ecology},
  volume={22},
  number={4},
  pages={745--759},
  year={2018},
  publisher={Wiley Online Library},
  url={https://doi.org/10.1111/jiec.12591}
}



@article{yan2020impact,
  title={The impact of the consistency of carbon performance and carbon information disclosure on enterprise value},
  author={Yan, Huahong and Li, Xiaoyan and Huang, Ying and Li, Yuanhao},
  journal={Finance Research Letters},
  volume={37},
  pages={101680},
  year={2020},
  publisher={Elsevier},
  url={https://doi.org/10.1016/j.frl.2020.101680}
}

@article{dam2015toward,
  title={Toward a theory of responsible investing: On the economic foundations of corporate social responsibility},
  author={Dam, Lammertjan and Scholtens, Bert},
  journal={Resource and Energy Economics},
  volume={41},
  pages={103--121},
  year={2015},
  publisher={Elsevier},
  url={https://doi.org/10.1016/j.reseneeco.2015.04.008}
}

@article{nguyen2018carbon,
  title={Carbon risk and firm performance: Evidence from a quasi-natural experiment},
  author={Nguyen, Justin Hung},
  journal={Australian Journal of Management},
  volume={43},
  number={1},
  pages={65--90},
  year={2018},
  publisher={SAGE Publications Sage UK: London, England},
  url={https://doi.org/10.1177/0312896217709328}
}

@article{lee2015impacts,
  title={The impacts of carbon (CO2) emissions and environmental research and development (R\&D) investment on firm performance},
  author={Lee, Ki-Hoon and Min, Byung and Yook, Keun-Hyo},
  journal={International Journal of Production Economics},
  volume={167},
  pages={1--11},
  year={2015},
  publisher={Elsevier},
  url={https://doi.org/10.1016/j.ijpe.2015.05.018}
}

@article{busch2011hot,
  title={How hot is your bottom line? Linking carbon and financial performance},
  author={Busch, Timo and Hoffmann, Volker H},
  journal={Business \& Society},
  volume={50},
  number={2},
  pages={233--265},
  year={2011},
  publisher={Sage Publications Sage CA: Los Angeles, CA},
  url={https://doi.org/10.1177/0007650311398780}
}

@article{griffin2017relevance,
  title={The relevance to investors of greenhouse gas emission disclosures},
  author={Griffin, Paul A and Lont, David H and Sun, Estelle Y},
  journal={Contemporary Accounting Research},
  volume={34},
  number={2},
  pages={1265--1297},
  year={2017},
  publisher={Wiley Online Library},
  url={https://doi.org/10.1111/1911-3846.12298}
}

@article{matsumura2014firm,
  title={Firm-value effects of carbon emissions and carbon disclosures},
  author={Matsumura, Ella Mae and Prakash, Rachna and Vera-Munoz, Sandra C},
  journal={The accounting review},
  volume={89},
  number={2},
  pages={695--724},
  year={2014},
  publisher={American Accounting Association},
  url={https://doi.org/10.2308/accr-50629}
}

@article{trumpp2017too,
  title={Too little or too much? Exploring U-shaped relationships between corporate environmental performance and corporate financial performance},
  author={Trumpp, Christoph and Guenther, Thomas},
  journal={Business Strategy and the Environment},
  volume={26},
  number={1},
  pages={49--68},
  year={2017},
  publisher={Wiley Online Library},
  url={https://doi.org/10.1002/bse.1900}
}

@article{lewandowski2017corporate,
  title={Corporate carbon and financial performance: The role of emission reductions},
  author={Lewandowski, Stefan},
  journal={Business Strategy and the Environment},
  volume={26},
  number={8},
  pages={1196--1211},
  year={2017},
  publisher={Wiley Online Library},
  url={https://doi.org/10.1002/bse.1978}
}

@article{amin2021carbon,
  title={Carbon risk and real earnings management},
  author={Amin, Abu S and Hossain, Ashrafee T and Ranasinghe, Tharindra and Zhang, Mingyue},
  journal={Rotman School of Management Working Paper},
  number={3794941},
  year={2021},
  url={https://doi.org/10.2139/ssrn.3794941}
}

@article{lemma2020corporate,
  title={Corporate carbon risk exposure, voluntary disclosure, and financial reporting quality},
  author={Lemma, Tesfaye T and Shabestari, Mehrzad Azmi and Freedman, Martin and Mlilo, Mthokozisi},
  journal={Business Strategy and the Environment},
  volume={29},
  number={5},
  pages={2130--2143},
  year={2020},
  publisher={Wiley Online Library},
  url={https://doi.org/10.1002/bse.2499}
}

@article{velte2021environmental,
  title={Environmental performance, carbon performance and earnings management: Empirical evidence for the European capital market},
  author={Velte, Patrick},
  journal={Corporate Social Responsibility and Environmental Management},
  volume={28},
  number={1},
  pages={42--53},
  year={2021},
  publisher={Wiley Online Library},
  url={https://doi.org/10.1002/csr.2030}
}

@article{ngwakwe2013carbon,
  title={On carbon emission reduction and firm performance: example from 3M Company},
  author={Ngwakwe, Collins C and Msweli, Pumela},
  journal={Environmental economics},
  number={4, Iss. 2},
  pages={54--61},
  year={2013}
}

@article{balachandran2018does,
  title={Does carbon risk matter in firm dividend policy? Evidence from a quasi-natural experiment in an imputation environment},
  author={Balachandran, Balasingham and Nguyen, Justin Hung},
  journal={Journal of Banking \& Finance},
  volume={96},
  pages={249--267},
  year={2018},
  publisher={Elsevier},
  url={https://doi.org/10.1016/j.jbankfin.2018.09.015}
}

@article{bose2021does,
  title={Does carbon risk matter for corporate acquisition decisions?},
  author={Bose, Sudipta and Minnick, Kristina and Shams, Syed},
  journal={Journal of Corporate Finance},
  volume={70},
  pages={102058},
  year={2021},
  publisher={Elsevier},
  url={https://doi.org/10.1016/j.jcorpfin.2021.102058}
}

@article{choi2021does,
  title={Does the market value greenhouse gas emissions? Evidence from multi-country firm data},
  author={Choi, Bobae and Luo, Le},
  journal={The British Accounting Review},
  volume={53},
  number={1},
  pages={100909},
  year={2021},
  publisher={Elsevier}
}

@article{manresa2023,
	title = {Empirical evaluation of overspecified asset pricing models},
	author = {Manresa, Elena and {Peñaranda}, Francisco and Sentana, Enrique},
	year = {2023},
	month = {02},
	date = {2023-02-01},
	journal = {Journal of Financial Economics},
	pages = {338--351},
	volume = {147},
	number = {2},
	doi = {10.1016/j.jfineco.2022.10.002},
	url = {https://www.sciencedirect.com/science/article/pii/S0304405X22002094}
}

@article{aupperle1985empirical,
	title = {An empirical examination of the relationship between corporate social responsibility and profitability},
	author = {Aupperle, Kenneth E and Carroll, Archie B and Hatfield, John D},
	year = {1985},
	date = {1985},
	journal = {Academy of management Journal},
	pages = {446{\textendash}463},
	volume = {28},
	number = {2},
	url = {https://doi.org/10.5465/256210},
	note = {Citation Key: aupperle1985empirical
Publisher: Academy of Management Briarcliff Manor, NY 10510}
}

@article{busch2018corporate,
	title = {Corporate carbon and financial performance: A meta-analysis},
	author = {Busch, Timo and Lewandowski, Stefan},
	year = {2018},
	date = {2018},
	journal = {Journal of Industrial Ecology},
	pages = {745{\textendash}759},
	volume = {22},
	number = {4},
	url = {https://doi.org/10.1111/jiec.12591},
	note = {Citation Key: busch2018corporate
Publisher: Wiley Online Library}
}

@article{yan2020impact,
	title = {The impact of the consistency of carbon performance and carbon information disclosure on enterprise value},
	author = {Yan, Huahong and Li, Xiaoyan and Huang, Ying and Li, Yuanhao},
	year = {2020},
	date = {2020},
	journal = {Finance Research Letters},
	pages = {101680},
	volume = {37},
	url = {https://doi.org/10.1016/j.frl.2020.101680},
	note = {Citation Key: yan2020impact
Publisher: Elsevier}
}

@article{dam2015toward,
	title = {Toward a theory of responsible investing: On the economic foundations of corporate social responsibility},
	author = {Dam, Lammertjan and Scholtens, Bert},
	year = {2015},
	date = {2015},
	journal = {Resource and Energy Economics},
	pages = {103{\textendash}121},
	volume = {41},
	url = {https://doi.org/10.1016/j.reseneeco.2015.04.008},
	note = {Citation Key: dam2015toward
Publisher: Elsevier}
}

@article{busch2011hot,
	title = {How hot is your bottom line? Linking carbon and financial performance},
	author = {Busch, Timo and Hoffmann, Volker H},
	year = {2011},
	date = {2011},
	journal = {Business & Society},
	pages = {233{\textendash}265},
	volume = {50},
	number = {2},
	url = {https://doi.org/10.1177/0007650311398780},
	note = {Citation Key: busch2011hot
Publisher: Sage Publications Sage CA: Los Angeles, CA}
}

@article{nguyen2020carbon,
	title = {Carbon risk and corporate capital structure},
	author = {Nguyen, Justin Hung and Phan, Hieu V},
	year = {2020},
	date = {2020},
	journal = {Journal of Corporate Finance},
	pages = {101713},
	volume = {64},
	url = {https://doi.org/10.1016/j.jcorpfin.2020.101713},
	note = {Citation Key: nguyen2020carbon
Publisher: Elsevier},
	langid = {en}
}

@article{busch2018corporate,
	title = {Corporate carbon and financial performance: A meta-analysis},
	author = {Busch, Timo and Lewandowski, Stefan},
	year = {2018},
	date = {2018},
	journal = {Journal of Industrial Ecology},
	pages = {745{\textendash}759},
	volume = {22},
	number = {4},
	url = {https://doi.org/10.1111/jiec.12591},
	note = {Citation Key: busch2018corporate
Publisher: Wiley Online Library}
}

@article{yan2020impact,
	title = {The impact of the consistency of carbon performance and carbon information disclosure on enterprise value},
	author = {Yan, Huahong and Li, Xiaoyan and Huang, Ying and Li, Yuanhao},
	year = {2020},
	date = {2020},
	journal = {Finance Research Letters},
	pages = {101680},
	volume = {37},
	url = {https://doi.org/10.1016/j.frl.2020.101680},
	note = {Citation Key: yan2020impact
Publisher: Elsevier}
}

@article{griffin2017relevance,
	title = {The relevance to investors of greenhouse gas emission disclosures},
	author = {Griffin, Paul A and Lont, David H and Sun, Estelle Y},
	year = {2017},
	date = {2017},
	journal = {Contemporary Accounting Research},
	pages = {1265{\textendash}1297},
	volume = {34},
	number = {2},
	url = {https://doi.org/10.1111/1911-3846.12298},
	note = {Citation Key: griffin2017relevance
Publisher: Wiley Online Library}
}

@article{matsumura2014firm,
	title = {Firm-value effects of carbon emissions and carbon disclosures},
	author = {Matsumura, Ella Mae and Prakash, Rachna and Vera-Munoz, Sandra C},
	year = {2014},
	date = {2014},
	journal = {The accounting review},
	pages = {695{\textendash}724},
	volume = {89},
	number = {2},
	url = {https://doi.org/10.2308/accr-50629},
	note = {Citation Key: matsumura2014firm
Publisher: American Accounting Association}
}

@article{clarkson2015valuation,
	title = {The valuation relevance of greenhouse gas emissions under the European Union carbon emissions trading scheme},
	author = {Clarkson, Peter M and Li, Yue and Pinnuck, Matthew and Richardson, Gordon D},
	year = {2015},
	date = {2015},
	journal = {European Accounting Review},
	pages = {551{\textendash}580},
	volume = {24},
	number = {3},
	url = {https://doi.org/10.1080/ 09638180.2014.927782},
	note = {Citation Key: clarkson2015valuation
Publisher: Taylor & Francis},
	langid = {en}
}

@article{choi2021,
	title = {Does the market value greenhouse gas emissions? Evidence from multi-country firm data},
	author = {Choi, Bobae and Luo, Le},
	year = {2021},
	month = {01},
	date = {2021-01-01},
	journal = {The British Accounting Review},
	pages = {100909},
	volume = {53},
	number = {1},
	doi = {10.1016/j.bar.2020.100909},
	url = {https://www.sciencedirect.com/science/article/pii/S0890838920300299},
	langid = {en}
}

@article{saka2014,
	title = {Disclosure effects, carbon emissions and corporate value},
	author = {Saka, Chika and Oshika, Tomoki},
	year = {2014},
	month = {01},
	date = {2014-01-01},
	journal = {Sustainability Accounting, Management and Policy Journal},
	pages = {22--45},
	volume = {5},
	number = {1},
	doi = {10.1108/SAMPJ-09-2012-0030},
	url = {https://doi.org/10.1108/SAMPJ-09-2012-0030},
	note = {Publisher: Emerald Group Publishing Limited},
	langid = {en}
}

@article{lee2015impacts,
	title = {The impacts of carbon (CO2) emissions and environmental research and development (R&D) investment on firm performance},
	author = {Lee, Ki-Hoon and Min, Byung and Yook, Keun-Hyo},
	year = {2015},
	date = {2015},
	journal = {International Journal of Production Economics},
	pages = {1{\textendash}11},
	volume = {167},
	url = {https://doi.org/10.1016/j.ijpe.2015.05.018},
	note = {Citation Key: lee2015impacts
Publisher: Elsevier}
}

@article{trinks2020efficiency,
	title = {An efficiency perspective on carbon emissions and financial performance},
	author = {Trinks, Arjan and Mulder, Machiel and Scholtens, Bert},
	year = {2020},
	date = {2020},
	journal = {Ecological Economics},
	pages = {106632},
	volume = {175},
	url = {https://doi.org/10.1016/j.ecolecon.2020.106632},
	note = {Citation Key: trinks2020efficiency
Publisher: Elsevier},
	langid = {en}
}

@article{misani2015,
	title = {Unraveling the effects of environmental outcomes and processes on financial performance: A non-linear approach},
	author = {Misani, Nicola and Pogutz, Stefano},
	year = {2015},
	month = {01},
	date = {2015-01-01},
	journal = {Ecological Economics},
	pages = {150--160},
	volume = {109},
	doi = {10.1016/j.ecolecon.2014.11.010},
	url = {https://www.sciencedirect.com/science/article/pii/S0921800914003449},
	langid = {en}
}

@article{tatsuo2010,
	title = {An analysis of the eco-efficiency and economic performance of Japanese companies},
	author = {Tatsuo, Kimbara},
	year = {2010},
	month = {06},
	date = {2010-06-01},
	journal = {Asian Business & Management},
	pages = {209--222},
	volume = {9},
	number = {2},
	doi = {10.1057/abm.2010.3},
	url = {https://doi.org/10.1057/abm.2010.3},
	langid = {en}
}

@article{trumpp2017too,
	title = {Too little or too much? Exploring U-shaped relationships between corporate environmental performance and corporate financial performance},
	author = {Trumpp, Christoph and Guenther, Thomas},
	year = {2017},
	date = {2017},
	journal = {Business Strategy and the Environment},
	pages = {49{\textendash}68},
	volume = {26},
	number = {1},
	url = {https://doi.org/10.1002/bse.1900},
	note = {Citation Key: trumpp2017too
Publisher: Wiley Online Library}
}

@article{lewandowski2017corporate,
	title = {Corporate carbon and financial performance: The role of emission reductions},
	author = {Lewandowski, Stefan},
	year = {2017},
	date = {2017},
	journal = {Business Strategy and the Environment},
	pages = {1196{\textendash}1211},
	volume = {26},
	number = {8},
	url = {https://doi.org/10.1002/bse.1978},
	note = {Citation Key: lewandowski2017corporate
Publisher: Wiley Online Library}
}

@article{busch2011hot,
	title = {How hot is your bottom line? Linking carbon and financial performance},
	author = {Busch, Timo and Hoffmann, Volker H},
	year = {2011},
	date = {2011},
	journal = {Business & Society},
	pages = {233{\textendash}265},
	volume = {50},
	number = {2},
	url = {https://doi.org/10.1177/0007650311398780},
	note = {Citation Key: busch2011hot
Publisher: Sage Publications Sage CA: Los Angeles, CA}
}

@article{lee2015impacts,
	title = {The impacts of carbon (CO2) emissions and environmental research and development (R&D) investment on firm performance},
	author = {Lee, Ki-Hoon and Min, Byung and Yook, Keun-Hyo},
	year = {2015},
	date = {2015},
	journal = {International Journal of Production Economics},
	pages = {1{\textendash}11},
	volume = {167},
	url = {https://doi.org/10.1016/j.ijpe.2015.05.018},
	note = {Citation Key: lee2015impacts
Publisher: Elsevier}
}

@article{busch2018corporate,
	title = {Corporate carbon and financial performance: A meta-analysis},
	author = {Busch, Timo and Lewandowski, Stefan},
	year = {2018},
	date = {2018},
	journal = {Journal of Industrial Ecology},
	pages = {745{\textendash}759},
	volume = {22},
	number = {4},
	url = {https://doi.org/10.1111/jiec.12591},
	note = {Citation Key: busch2018corporate
Publisher: Wiley Online Library}
}

@article{amin2021carbon,
	title = {Carbon risk and real earnings management},
	author = {Amin, Abu S and Hossain, Ashrafee T and Ranasinghe, Tharindra and Zhang, Mingyue},
	year = {2021},
	date = {2021},
	journal = {Rotman School of Management Working Paper},
	number = {3794941},
	url = {https://doi.org/10.2139/ssrn.3794941},
	note = {Citation Key: amin2021carbon}
}

@article{lemma2020corporate,
	title = {Corporate carbon risk exposure, voluntary disclosure, and financial reporting quality},
	author = {Lemma, Tesfaye T and Shabestari, Mehrzad Azmi and Freedman, Martin and Mlilo, Mthokozisi},
	year = {2020},
	date = {2020},
	journal = {Business Strategy and the Environment},
	pages = {2130{\textendash}2143},
	volume = {29},
	number = {5},
	url = {https://doi.org/10.1002/bse.2499},
	note = {Citation Key: lemma2020corporate
Publisher: Wiley Online Library}
}

@article{velte2021environmental,
	title = {Environmental performance, carbon performance and earnings management: Empirical evidence for the European capital market},
	author = {Velte, Patrick},
	year = {2021},
	date = {2021},
	journal = {Corporate Social Responsibility and Environmental Management},
	pages = {42{\textendash}53},
	volume = {28},
	number = {1},
	url = {https://doi.org/10.1002/csr.2030},
	note = {Citation Key: velte2021environmental
Publisher: Wiley Online Library}
}

@article{ngwakwe2013carbon,
	title = {On carbon emission reduction and firm performance: example from 3M Company},
	author = {Ngwakwe, Collins C and Msweli, Pumela},
	year = {2013},
	date = {2013},
	journal = {Environmental economics},
	pages = {54{\textendash}61},
	number = {4, Iss. 2},
	note = {Citation Key: ngwakwe2013carbon}
}

@article{balachandran2018does,
	title = {Does carbon risk matter in firm dividend policy? Evidence from a quasi-natural experiment in an imputation environment},
	author = {Balachandran, Balasingham and Nguyen, Justin Hung},
	year = {2018},
	date = {2018},
	journal = {Journal of Banking & Finance},
	pages = {249{\textendash}267},
	volume = {96},
	url = {https://doi.org/10.1016/j.jbankfin.2018.09.015},
	note = {Citation Key: balachandran2018does
Publisher: Elsevier}
}

@article{nguyen2020carbon,
	title = {Carbon risk and corporate capital structure},
	author = {Nguyen, Justin Hung and Phan, Hieu V},
	year = {2020},
	date = {2020},
	journal = {Journal of Corporate Finance},
	pages = {101713},
	volume = {64},
	url = {https://doi.org/10.1016/j.jcorpfin.2020.101713},
	note = {Citation Key: nguyen2020carbon
Publisher: Elsevier},
	langid = {en}
}

@article{bose2021does,
	title = {Does carbon risk matter for corporate acquisition decisions?},
	author = {Bose, Sudipta and Minnick, Kristina and Shams, Syed},
	year = {2021},
	date = {2021},
	journal = {Journal of Corporate Finance},
	pages = {102058},
	volume = {70},
	url = {https://doi.org/10.1016/j.jcorpfin.2021.102058},
	note = {Citation Key: bose2021does
Publisher: Elsevier}
}
