@book{allen1994financial,
  title={Financial innovation and risk sharing},
  author={Allen, Franklin and Gale, Douglas},
  year={1994},
  publisher={MIT press},
  url={https://books.google.com/books?hl=zh-CN&lr=&id=L5XYZMfoqhQC&oi=fnd&pg=PR7&dq=.+Financial+innovation+and+risk+sharing&ots=D7-9gRA0-D&sig=5NwLqdMRLGDAvEQZfZ-XpCCeoM8#v=onepage&q=.%20Financial%20innovation%20and%20risk%20sharing&f=false}
}

@article{duffie1995financial,
  title={Financial market innovation and security design: An introduction},
  author={Duffie, Darrell and Rahi, Rohit},
  journal={Journal of Economic Theory},
  volume={65},
  number={1},
  pages={1--42},
  year={1995},
  publisher={Elsevier},
  url={https://doi.org/10.1006/jeth.1995.1001}
}

@article{barber2022attention,
  title={Attention-induced trading and returns: Evidence from Robinhood users},
  author={Barber, Brad M and Huang, Xing and Odean, Terrance and Schwarz, Christopher},
  journal={The Journal of Finance},
  volume={77},
  number={6},
  pages={3141--3190},
  year={2022},
  publisher={Wiley Online Library},
  url={https://doi.org/10.1111/jofi.13183}
  
}

@article{lee1991investor,
  title={Investor sentiment and the closed-end fund puzzle},
  author={Lee, Charles MC and Shleifer, Andrei and Thaler, Richard H},
  journal={The journal of finance},
  volume={46},
  number={1},
  pages={75--109},
  year={1991},
  publisher={Wiley Online Library},
  url={https://doi.org/10.1111/j.1540-6261.1991.tb03746.x}
}

@article{chuprinin2018rent,
  title={Rent seeking and mutual fund inceptions},
  author={Chuprinin, Oleg and Ruf, Thomas},
  journal={Available at SSRN 3189986},
  year={2018},
  url={https://www.zbw.eu/econis-archiv/bitstream/11159/370675/1/EBP07587217X_0.pdf}
}

@article{chinco2022new,
  title={A new test of risk factor relevance},
  author={Chinco, Alex and Hartzmark, Samuel M and Sussman, Abigail B},
  journal={The Journal of Finance},
  volume={77},
  number={4},
  pages={2183--2238},
  year={2022},
  publisher={Wiley Online Library},
  url={https://doi.org/10.1111/jofi.13135}
}

@article{karoui2009performance,
  title={Performance and characteristics of mutual fund starts},
  author={Karoui, Aymen and Meier, Iwan},
  journal={The European Journal of Finance},
  volume={15},
  number={5-6},
  pages={487--509},
  year={2009},
  publisher={Taylor \& Francis},
  url={https://doi.org/10.1080/13518470902872319}
}

@article{greene2016s,
  title={What's Trending? The Performance and Motivations for Mutual Fund Startups},
  author={Greene, Jason T and Stark, Jeffrey},
  journal={The Performance and Motivations for Mutual Fund Startups (August 19, 2016)},
  year={2016}
}

@article{easley2021active,
  title={The active world of passive investing},
  author={Easley, David and Michayluk, David and Oâ€™Hara, Maureen and Putni{\c{n}}{\v{s}}, T{\=a}lis J},
  journal={Review of Finance},
  volume={25},
  number={5},
  pages={1433--1471},
  year={2021},
  publisher={Oxford University Press},
  url={https://doi.org/10.1093/rof/rfab021}
}

@article{ben2018etfs,
  title={Do ETFs increase volatility?},
  author={Ben-David, Itzhak and Franzoni, Francesco and Moussawi, Rabih},
  journal={The Journal of Finance},
  volume={73},
  number={6},
  pages={2471--2535},
  year={2018},
  publisher={Wiley Online Library},
  url={https://doi.org/10.1111/jofi.12727}
}

@article{huang2020smart,
  title={The smart beta mirage},
  author={Huang, Shiyang and Song, Yang and Xiang, Hong},
  journal={Journal of Financial and Quantitative Analysis},
  pages={1--69},
  year={2020},
  publisher={Cambridge University Press},
  url={https://doi.org/10.1017/S0022109023000674}
}

@incollection{barber2013behavior,
  title={The behavior of individual investors},
  author={Barber, Brad M and Odean, Terrance},
  booktitle={Handbook of the Economics of Finance},
  volume={2},
  pages={1533--1570},
  year={2013},
  publisher={Elsevier},
  url={https://doi.org/10.1016/B978-0-44-459406-8.00022-6}
}

@article{greenwood2014expectations,
  title={Expectations of returns and expected returns},
  author={Greenwood, Robin and Shleifer, Andrei},
  journal={The Review of Financial Studies},
  volume={27},
  number={3},
  pages={714--746},
  year={2014},
  publisher={Oxford University Press},
  url={https://doi.org/10.1093/rfs/hht082}
}

@article{barberis2018extrapolation,
  title={Extrapolation and bubbles},
  author={Barberis, Nicholas and Greenwood, Robin and Jin, Lawrence and Shleifer, Andrei},
  journal={Journal of Financial Economics},
  volume={129},
  number={2},
  pages={203--227},
  year={2018},
  publisher={Elsevier},
  url={https://doi.org/10.1016/j.jfineco.2018.04.007}
}

@article{bordalo2019diagnostic,
  title={Diagnostic expectations and stock returns},
  author={Bordalo, Pedro and Gennaioli, Nicola and Porta, Rafael La and Shleifer, Andrei},
  journal={The Journal of Finance},
  volume={74},
  number={6},
  pages={2839--2874},
  year={2019},
  publisher={Wiley Online Library},
  url={ https://doi.org/10.1111/jofi.12833}
}

@article{brunnermeier2007optimal,
  title={Optimal beliefs, asset prices, and the preference for skewed returns},
  author={Brunnermeier, Markus K and Gollier, Christian and Parker, Jonathan A},
  journal={American Economic Review},
  volume={97},
  number={2},
  pages={159--165},
  year={2007},
  publisher={American Economic Association},
  url={https://www.aeaweb.org/articles?id=10.1257/aer.97.2.159}
}

@article{brunnermeier2005optimal,
  title={Optimal expectations},
  author={Brunnermeier, Markus K and Parker, Jonathan A},
  journal={American Economic Review},
  volume={95},
  number={4},
  pages={1092--1118},
  year={2005},
  publisher={American Economic Association},
  url={https://www.aeaweb.org/articles?id=10.1257/0002828054825493}
}

@article{mitton2007equilibrium,
  title={Equilibrium underdiversification and the preference for skewness},
  author={Mitton, Todd and Vorkink, Keith},
  journal={The Review of Financial Studies},
  volume={20},
  number={4},
  pages={1255--1288},
  year={2007},
  publisher={Oxford University Press},
  url={https://doi.org/10.1093/revfin/hhm011},
  
}

@article{barberis2008stocks,
  title={Stocks as lotteries: The implications of probability weighting for security prices},
  author={Barberis, Nicholas and Huang, Ming},
  journal={American Economic Review},
  volume={98},
  number={5},
  pages={2066--2100},
  year={2008},
  publisher={American Economic Association},
  url={https://www.aeaweb.org/articles?id=10.1257/aer.98.5.2066}
}

@article{kumar2009gambles,
  title={Who gambles in the stock market?},
  author={Kumar, Alok},
  journal={The journal of finance},
  volume={64},
  number={4},
  pages={1889--1933},
  year={2009},
  publisher={Wiley Online Library},
  url={https://doi.org/10.1111/j.1540-6261.2009.01483.x}
}

@article{french2008presidential,
  title={Presidential address: The cost of active investing},
  author={French, Kenneth R},
  journal={The Journal of Finance},
  volume={63},
  number={4},
  pages={1537--1573},
  year={2008},
  publisher={Wiley Online Library},
  url={ https://doi.org/10.1111/j.1540-6261.2008.01368.x}
}

@article{stambaugh2014presidential,
  title={Presidential address: Investment noise and trends},
  author={Stambaugh, Robert F},
  journal={The Journal of Finance},
  volume={69},
  number={4},
  pages={1415--1453},
  year={2014},
  publisher={Wiley Online Library},
  url={ https://doi.org/10.1111/jofi.12174}
}