@article{berk2004mutual,
  title={Mutual fund flows and performance in rational markets},
  author={Berk, Jonathan B and Green, Richard C},
  journal={Journal of political economy},
  volume={112},
  number={6},
  pages={1269--1295},
  year={2004},
  url={https://doi.org/10.1086/424739},
  publisher={The University of Chicago Press}
}

@article{berk2016assessing,
  title={Assessing asset pricing models using revealed preference},
  author={Berk, Jonathan B and Van Binsbergen, Jules H},
  journal={Journal of Financial Economics},
  volume={119},
  number={1},
  pages={1--23},
  year={2016},
  url={https://doi.org/10.1016/j.jfineco.2015.08.010},
  publisher={Elsevier}
}

@article{barber2016factors,
  title={Which factors matter to investors? Evidence from mutual fund flows},
  author={Barber, Brad M and Huang, Xing and Odean, Terrance},
  journal={The Review of Financial Studies},
  volume={29},
  number={10},
  pages={2600--2642},
  year={2016},
  url={https://doi.org/10.1093/rfs/hhw054},
  publisher={Oxford University Press}
}