
@article{black1972,
	title = {Capital Market Equilibrium with Restricted Borrowing},
	author = {Black, Fischer},
	year = {1972},
	date = {1972},
	journal = {The Journal of Business},
	pages = {444--455},
	volume = {45},
	number = {3},
	url = {https://www.jstor.org/stable/2351499},
	note = {Publisher: University of Chicago Press}
}

@book{mehrling2011,
	title = {Fischer Black and the revolutionary idea of finance},
	author = {Mehrling, Perry and Brown, Aaron},
	year = {2011},
	date = {2011},
	publisher = {John Wiley & Sons}
}

@article{black1972a,
	title = {Capital Market Equilibrium with Restricted Borrowing},
	author = {Black, Fischer},
	year = {1972},
	date = {1972},
	journal = {The Journal of Business},
	pages = {444--455},
	volume = {45},
	number = {3},
	url = {https://www.jstor.org/stable/2351499},
	note = {Publisher: University of Chicago Press}
}

@article{frazzini2018,
	title = {Buffett{\textquoteright}s Alpha},
	author = {Frazzini, Andrea and Kabiller, David and Pedersen, Lasse Heje},
	year = {2018},
	month = {09},
	date = {2018-09-01},
	journal = {Financial Analysts Journal},
	pages = {35--55},
	volume = {74},
	number = {4},
	doi = {10.2469/faj.v74.n4.3},
	url = {https://doi.org/10.2469/faj.v74.n4.3},
	note = {Publisher: Routledge
{\_}eprint: https://doi.org/10.2469/faj.v74.n4.3}
}

@article{baker2011,
	title = {Benchmarks as Limits to Arbitrage: Understanding the Low-Volatility Anomaly},
	author = {Baker, Malcolm and Bradley, Brendan and Wurgler, Jeffrey},
	year = {2011},
	month = {01},
	date = {2011-01-01},
	journal = {Financial Analysts Journal},
	pages = {40--54},
	volume = {67},
	number = {1},
	doi = {10.2469/faj.v67.n1.4},
	url = {https://doi.org/10.2469/faj.v67.n1.4},
	note = {Publisher: Routledge
{\_}eprint: https://doi.org/10.2469/faj.v67.n1.4}
}

@article{friend1970,
	title = {Measurement of Portfolio Performance Under Uncertainty},
	author = {Friend, Irwin and Blume, Marshall},
	year = {1970},
	date = {1970},
	journal = {The American Economic Review},
	pages = {561--575},
	volume = {60},
	number = {4},
	url = {https://www.jstor.org/stable/1818402},
	note = {Publisher: American Economic Association}
}

@article{black1972b,
	title = {Capital Market Equilibrium with Restricted Borrowing},
	author = {Black, Fischer},
	year = {1972},
	date = {1972},
	journal = {The Journal of Business},
	pages = {444--455},
	volume = {45},
	number = {3},
	url = {https://www.jstor.org/stable/2351499},
	note = {Publisher: University of Chicago Press}
}

@article{liu2018,
	title = {Absolving beta of volatility{\textquoteright}s effects},
	author = {Liu, Jianan and Stambaugh, Robert F. and Yuan, Yu},
	year = {2018},
	month = {04},
	date = {2018-04-01},
	journal = {Journal of Financial Economics},
	pages = {1--15},
	volume = {128},
	number = {1},
	doi = {10.1016/j.jfineco.2018.01.003},
	url = {https://www.sciencedirect.com/science/article/pii/S0304405X18300163}
}

@article{novy-marx2022,
	title = {Betting against betting against beta},
	author = {Novy-Marx, Robert and Velikov, Mihail},
	year = {2022},
	month = {01},
	date = {2022-01-01},
	journal = {Journal of Financial Economics},
	pages = {80--106},
	volume = {143},
	number = {1},
	doi = {10.1016/j.jfineco.2021.05.023},
	url = {https://www.sciencedirect.com/science/article/pii/S0304405X21002051}
}

@article{cochrane,
	title = {Presidential Address: Discount Rates},
	author = {Cochrane, John H.},
	url = {https://onlinelibrary.wiley.com/doi/10.1111/j.1540-6261.2011.01671.x},
	langid = {en}
}

@article{cochranea,
	title = {Presidential Address: Discount Rates},
	author = {Cochrane, John H.},
	url = {https://onlinelibrary.wiley.com/doi/10.1111/j.1540-6261.2011.01671.x},
	langid = {en}
}

@article{frazzini2014,
	title = {Betting against beta},
	author = {Frazzini, Andrea and Pedersen, Lasse Heje},
	year = {2014},
	month = {01},
	date = {2014-01},
	journal = {Journal of Financial Economics},
	pages = {1--25},
	volume = {111},
	number = {1},
	doi = {10.1016/j.jfineco.2013.10.005},
	url = {https://linkinghub.elsevier.com/retrieve/pii/S0304405X13002675},
	langid = {en}
}

@article{black1972c,
	title = {Capital Market Equilibrium with Restricted Borrowing},
	author = {Black, Fischer},
	year = {1972},
	date = {1972},
	journal = {The Journal of Business},
	pages = {444--455},
	volume = {45},
	number = {3},
	url = {https://www.jstor.org/stable/2351499},
	note = {Publisher: University of Chicago Press}
}

@article{bali2017,
	title = {A Lottery-Demand-Based Explanation of the Beta Anomaly},
	author = {Bali, Turan G. and Brown, Stephen J. and Murray, Scott and Tang, Yi},
	year = {2017},
	month = {12},
	date = {2017-12},
	journal = {Journal of Financial and Quantitative Analysis},
	pages = {2369--2397},
	volume = {52},
	number = {6},
	doi = {10.1017/S0022109017000928},
	url = {https://www.cambridge.org/core/product/identifier/S0022109017000928/type/journal_article},
	langid = {en}
}

@misc{speculat,
	title = {Speculative Betas - HONG - 2016 - The Journal of Finance - Wiley Online Library},
	url = {https://onlinelibrary.wiley.com/doi/10.1111/jofi.12431}
}

@misc{speculata,
	title = {Speculative Betas - HONG - 2016 - The Journal of Finance - Wiley Online Library},
	url = {https://onlinelibrary.wiley.com/doi/10.1111/jofi.12431}
}

@misc{investor,
	title = {Investor Sentiment, Beta, and the Cost of Equity Capital | Management Science},
	url = {https://pubsonline.informs.org/doi/10.1287/mnsc.2014.2101}
}

@article{asness2020,
	title = {Betting against correlation: Testing theories of the low-risk effect},
	author = {Asness, Cliff and Frazzini, Andrea and Gormsen, Niels Joachim and Pedersen, Lasse Heje},
	year = {2020},
	month = {03},
	date = {2020-03-01},
	journal = {Journal of Financial Economics},
	pages = {629--652},
	volume = {135},
	number = {3},
	doi = {10.1016/j.jfineco.2019.07.003},
	url = {https://www.sciencedirect.com/science/article/pii/S0304405X1930176X}
}

@misc{benchmar,
	title = {Benchmarks as Limits to Arbitrage: Understanding the Low-Volatility Anomaly: Financial Analysts Journal: Vol 67, No 1},
	url = {https://www.tandfonline.com/doi/abs/10.2469/faj.v67.n1.4}
}
