
@article{
  sharpe1964,
  title={CAPITAL ASSET PRICES: A THEORY OF MARKET EQUILIBRIUM UNDER CONDITIONS OF RISK*},
  volume={19},
  url={https://onlinelibrary.wiley.com/doi/abs/10.1111/j.1540-6261.1964.tb02865.x},
  DOI={https://doi.org/10.1111/j.1540-6261.1964.tb02865.x},
  note={_eprint: https://onlinelibrary.wiley.com/doi/pdf/10.1111/j.1540-6261.1964.tb02865.x},
  number={3},
  journal={The Journal of Finance},
  author={Sharpe, William F.},
  year={1964},
pages={425–442} }


@article{
  lintner1965,
  title={Security Prices, Risk, and Maximal Gains from Diversification*},
  volume={20},
  ISSN={1540-6261},
  url={https://onlinelibrary.wiley.com/doi/abs/10.1111/j.1540-6261.1965.tb02930.x},
  DOI={10.1111/j.1540-6261.1965.tb02930.x},
  note={_eprint: https://onlinelibrary.wiley.com/doi/pdf/10.1111/j.1540-6261.1965.tb02930.x},
  number={4},
  journal={The Journal of Finance},
  author={Lintner, John},
  year={1965},
pages={587–615} }

@article{
  mossin1966,
  title={Equilibrium in a Capital Asset Market},
  volume={34},
  ISSN={0012-9682},
  url={https://www.jstor.org/stable/1910098},
  DOI={10.2307/1910098},
  number={4},
  journal={Econometrica},
  publisher={[Wiley,},
  author={Mossin, Jan},
  year={1966},
pages={768–783} }
