@techreport{bebchuk2019specter,
  title={The specter of the giant three},
  author={Bebchuk, Lucian A and Hirst, Scott},
  year={2019},
  institution={National Bureau of Economic Research},
  url={https://www.nber.org/papers/w30718}
}

@article{appel2016passive,
  title={Passive investors, not passive owners},
  author={Appel, Ian R and Gormley, Todd A and Keim, Donald B},
  journal={Journal of Financial Economics},
  volume={121},
  number={1},
  pages={111--141},
  year={2016},
  publisher={Elsevier},
  url={https://doi.org/10.1016/j.jfineco.2016.03.003}
}

@article{appel2019standing,
  title={Standing on the shoulders of giants: The effect of passive investors on activism},
  author={Appel, Ian R and Gormley, Todd A and Keim, Donald B},
  journal={The Review of Financial Studies},
  volume={32},
  number={7},
  pages={2720--2774},
  year={2019},
  publisher={Oxford University Press}
}

@article{schmidt2017exogenous,
  title={Do exogenous changes in passive institutional ownership affect corporate governance and firm value?},
  author={Schmidt, Cornelius and Fahlenbrach, R{\"u}diger},
  journal={Journal of financial economics},
  volume={124},
  number={2},
  pages={285--306},
  year={2017},
  publisher={Elsevier},
  url={https://doi.org/10.1016/j.jfineco.2017.01.005}
}

@article{heath2022index,
  title={Do index funds monitor?},
  author={Heath, Davidson and Macciocchi, Daniele and Michaely, Roni and Ringgenberg, Matthew C},
  journal={The Review of Financial Studies},
  volume={35},
  number={1},
  pages={91--131},
  year={2022},
  publisher={Oxford University Press},
  url={https://doi.org/10.1093/rfs/hhab023}
}

@techreport{bebchuk2019index,
  title={Index funds and the future of corporate governance: Theory, evidence, and policy},
  author={Bebchuk, Lucian A and Hirst, Scott},
  year={2019},
  institution={National Bureau of Economic Research},
  url={https://www.nber.org/papers/w26543}
}

@article{lund2017case,
  title={The case against passive shareholder voting},
  author={Lund, Dorothy S},
  journal={J. CoRp. l.},
  volume={43},
  pages={493},
  year={2017},
  publisher={HeinOnline},
  url={https://heinonline.org/HOL/LandingPage?handle=hein.journals/jcorl43&div=26&id=&page=}
}

@article{fisch2019new,
  title={The new titans of Wall Street: A theoretical framework for passive investors},
  author={Fisch, Jill and Hamdani, Assaf and Solomon, Steven Davidoff},
  journal={University of Pennsylvania Law Review},
  volume={168},
  number={1},
  pages={17--72},
  year={2019},
  publisher={JSTOR},
  url={https://www.jstor.org/stable/45389496}
}

@article{kahan2020index,
  title={Index funds and corporate governance: Let shareholders be shareholders},
  author={Kahan, Marcel and Rock, Edward B},
  journal={BUL Rev.},
  volume={100},
  pages={1771},
  year={2020},
  publisher={HeinOnline},
  url={https://heinonline.org/HOL/LandingPage?handle=hein.journals/bulr100&div=54&id=&page=}
}

@article{sharfman2022opportunism,
  title={Opportunism in the Shareholder Voting and Engagement of the ‘Big Three’Investment Advisers to Index Funds},
  author={Sharfman, Bernard S},
  journal={Available at SSRN 3995714},
  year={2022},
  url={https://ssrn.com/abstract=3995714}
}

@article{edmans2009blockholder,
  title={Blockholder trading, market efficiency, and managerial myopia},
  author={Edmans, Alex},
  journal={The Journal of Finance},
  volume={64},
  number={6},
  pages={2481--2513},
  year={2009},
  publisher={Wiley Online Library},
  url={ https://doi.org/10.1111/j.1540-6261.2009.01508.x}
}

@article{dasgupta2015wall,
  title={The wall street walk when blockholders compete for flows},
  author={Dasgupta, Amil and Piacentino, Giorgia},
  journal={The Journal of Finance},
  volume={70},
  number={6},
  pages={2853--2896},
  year={2015},
  publisher={Wiley Online Library},
  url={https://doi.org/10.1111/jofi.12308}
}

@article{fos2017disciplinary,
  title={The disciplinary effects of proxy contests},
  author={Fos, Vyacheslav},
  journal={Management Science},
  volume={63},
  number={3},
  pages={655--671},
  year={2017},
  publisher={INFORMS},
  url={https://doi.org/10.1287/mnsc.2015.2340}
}

@article{brav2022shareholder,
  title={Shareholder Monitoring Through Voting: New Evidence from Proxy Contests},
  author={Brav, Alon and Jiang, Wei and Li, Tao and Pinnington, James},
  journal={Available at SSRN 4316541},
  year={2022},
  url={https://dx.doi.org/10.2139/ssrn.4316541}
}

@article{vives2020common,
  title={Common ownership, market power, and innovation},
  author={Vives, Xavier},
  journal={International Journal of Industrial Organization},
  volume={70},
  pages={102528},
  year={2020},
  publisher={Elsevier},
  url={https://doi.org/10.1016/j.ijindorg.2019.102528}
}

@article{azar2021big,
  title={The big three and corporate carbon emissions around the world},
  author={Azar, Jos{\'e} and Duro, Miguel and Kadach, Igor and Ormazabal, Gaizka},
  journal={Journal of Financial Economics},
  volume={142},
  number={2},
  pages={674--696},
  year={2021},
  publisher={Elsevier},
  url={https://doi.org/10.1016/j.jfineco.2021.05.007}
}
@article{azar2018,
	title = {Anticompetitive Effects of Common Ownership},
	author = {Azar, {José} and Schmalz, Martin C. and Tecu, Isabel},
	year = {2018},
	date = {2018},
	journal = {The Journal of Finance},
	pages = {1513--1565},
	volume = {73},
	number = {4},
	doi = {10.1111/jofi.12698},
	url = {https://onlinelibrary.wiley.com/doi/abs/10.1111/jofi.12698},
	note = {{\_}eprint: https://onlinelibrary.wiley.com/doi/pdf/10.1111/jofi.12698},
	langid = {en}
}

@article{mccahery2016behind,
  title={Behind the scenes: The corporate governance preferences of institutional investors},
  author={McCahery, Joseph A and Sautner, Zacharias and Starks, Laura T},
  journal={The Journal of Finance},
  volume={71},
  number={6},
  pages={2905--2932},
  year={2016},
  publisher={Wiley Online Library},
  url={https://doi.org/10.1111/jofi.12393}
}

@article{admati2009wall,
  title={The “Wall Street Walk” and shareholder activism: Exit as a form of voice},
  author={Admati, Anat R and Pfleiderer, Paul},
  journal={The Review of Financial Studies},
  volume={22},
  number={7},
  pages={2645--2685},
  year={2009},
  publisher={Society for Financial Studies},
  url={https://doi.org/10.1093/rfs/hhp037}
}
@article{gantchev2019governance,
  title={Governance under the gun: Spillover effects of hedge fund activism},
  author={Gantchev, Nickolay and Gredil, Oleg R and Jotikasthira, Chotibhak},
  journal={Review of Finance},
  volume={23},
  number={6},
  pages={1031--1068},
  year={2019},
  publisher={Oxford University Press},
  url={https://doi.org/10.1093/rof/rfy035}
}

@article{sharfman2022opportunism,
  title={Opportunism in the Shareholder Voting and Engagement of the ‘Big Three’Investment Advisers to Index Funds},
  author={Sharfman, Bernard S},
  journal={Available at SSRN 3995714},
  year={2022},
  url={https://ssrn.com/abstract=3995714}
}

@article{edmans2017blockholders,
  title={Blockholders: A survey of theory and evidence},
  author={Edmans, Alex and Holderness, Clifford G},
  journal={The handbook of the economics of corporate governance},
  volume={1},
  pages={541--636},
  year={2017},
  publisher={Elsevier},
  url={https://doi.org/10.1016/bs.hecg.2017.11.002}
}

@article{mitts2022passive,
  title={Passive exit},
  author={Mitts, Joshua},
  journal={Columbia Law and Economics Working Paper},
  number={638},
  year={2022},
  url={https://ssrn.com/abstract=3716249}
}