
@article{gromb2010,
	title = {Limits of Arbitrage},
	author = {Gromb, Denis and Vayanos, Dimitri},
	year = {2010},
	month = {12},
	date = {2010-12-01},
	journal = {Annual Review of Financial Economics},
	pages = {251--275},
	volume = {2},
	number = {1},
	doi = {10.1146/annurev-financial-073009-104107},
	url = {http://dx.doi.org/10.1146/annurev-financial-073009-104107},
	langid = {en}
}

@article{gârleanu2013,
	title = {Dynamic Trading with Predictable Returns and Transaction Costs},
	author = {{GÂRLEANU}, NICOLAE and PEDERSEN, LASSE HEJE},
	year = {2013},
	month = {11},
	date = {2013-11-12},
	journal = {The Journal of Finance},
	pages = {2309--2340},
	volume = {68},
	number = {6},
	doi = {10.1111/jofi.12080},
	url = {http://dx.doi.org/10.1111/jofi.12080},
	langid = {en}
}

@article{gârleanu2016,
	title = {Dynamic portfolio choice with frictions},
	author = {{Gârleanu}, Nicolae and Pedersen, Lasse Heje},
	year = {2016},
	month = {09},
	date = {2016-09},
	journal = {Journal of Economic Theory},
	pages = {487--516},
	volume = {165},
	doi = {10.1016/j.jet.2016.06.001},
	url = {https://linkinghub.elsevier.com/retrieve/pii/S0022053116300382},
	langid = {en}
}


@article{dong2020fast,
  title={Fast and Slow Arbitrage: Fund Flows and Mispricing in the Frequency Domain},
  author={Dong, Xi and Kang, Namho and Peress, Joel},
  year={2020},
  url={https://www.insead.edu/sites/insead/files/assets/faculty-personal-site/joel-peress/documents/Dong%20Kang%20Peress%20Aug2020.pdf}
}
@article{pástor2003,
	title = {Liquidity Risk and Expected Stock Returns},
	author = {{Pástor}, {{\v{L}}ubo{\v{s}}} and Stambaugh, {Robert F.}},
	year = {2003},
	month = {06},
	date = {2003-06},
	journal = {Journal of Political Economy},
	pages = {642--685},
	volume = {111},
	number = {3},
	doi = {10.1086/374184},
	url = {https://www.journals.uchicago.edu/doi/10.1086/374184},
	langid = {en}
}

@article{ang2006,
	title = {The Cross{-}Section of Volatility and Expected Returns},
	author = {Ang, Andrew and Hodrick, Robert J. and Xing, Yuhang and Zhang, Xiaoyan},
	year = {2006},
	month = {02},
	date = {2006-02},
	journal = {The Journal of Finance},
	pages = {259--299},
	volume = {61},
	number = {1},
	doi = {10.1111/j.1540-6261.2006.00836.x},
	url = {https://onlinelibrary.wiley.com/doi/10.1111/j.1540-6261.2006.00836.x},
	langid = {en}
}

@article{pontiff2006,
	title = {Costly arbitrage and the myth of idiosyncratic risk},
	author = {Pontiff, Jeffrey},
	year = {2006},
	month = {10},
	date = {2006-10},
	journal = {Journal of Accounting and Economics},
	pages = {35--52},
	volume = {42},
	number = {1-2},
	doi = {10.1016/j.jacceco.2006.04.002},
	url = {https://linkinghub.elsevier.com/retrieve/pii/S0165410106000280},
	langid = {en}
}

@article{hu2013,
	title = {Noise as Information for Illiquidity},
	author = {Hu, Grace Xing and Pan, Jun and Wang, Jiang},
	year = {2013},
	month = {12},
	date = {2013-12},
	journal = {The Journal of Finance},
	pages = {2341--2382},
	volume = {68},
	number = {6},
	doi = {10.1111/jofi.12083},
	url = {https://onlinelibrary.wiley.com/doi/10.1111/jofi.12083},
	langid = {en}
}

@article{jurado2015,
	title = {Measuring Uncertainty},
	author = {Jurado, Kyle and Ludvigson, Sydney C. and Ng, Serena},
	year = {2015},
	month = {03},
	date = {2015-03-01},
	journal = {American Economic Review},
	pages = {1177--1216},
	volume = {105},
	number = {3},
	doi = {10.1257/aer.20131193},
	url = {https://pubs.aeaweb.org/doi/10.1257/aer.20131193},
	langid = {en}
}

@article{bekaert2022,
	title = {The Time Variation in Risk Appetite and Uncertainty},
	author = {Bekaert, Geert and Engstrom, Eric C. and Xu, Nancy R.},
	year = {2022},
	month = {06},
	date = {2022-06},
	journal = {Management Science},
	pages = {3975--4004},
	volume = {68},
	number = {6},
	doi = {10.1287/mnsc.2021.4068},
	url = {https://pubsonline.informs.org/doi/10.1287/mnsc.2021.4068},
	langid = {en}
}

@article{bekaert2022a,
	title = {The Time Variation in Risk Appetite and Uncertainty},
	author = {Bekaert, Geert and Engstrom, Eric C. and Xu, Nancy R.},
	year = {2022},
	month = {06},
	date = {2022-06},
	journal = {Management Science},
	pages = {3975--4004},
	volume = {68},
	number = {6},
	doi = {10.1287/mnsc.2021.4068},
	url = {https://pubsonline.informs.org/doi/10.1287/mnsc.2021.4068},
	langid = {en}
}

@article{asness2018,
	title = {Size matters, if you control your junk},
	author = {Asness, Clifford and Frazzini, Andrea and Israel, Ronen and Moskowitz, Tobias J. and Pedersen, Lasse H.},
	year = {2018},
	month = {09},
	date = {2018-09},
	journal = {Journal of Financial Economics},
	pages = {479--509},
	volume = {129},
	number = {3},
	doi = {10.1016/j.jfineco.2018.05.006},
	url = {https://linkinghub.elsevier.com/retrieve/pii/S0304405X18301326},
	langid = {en}
}


@article{gu2020empirical,
  title={Empirical asset pricing via machine learning},
  author={Gu, Shihao and Kelly, Bryan and Xiu, Dacheng},
  journal={The Review of Financial Studies},
  volume={33},
  number={5},
  pages={2223--2273},
  year={2020},
  publisher={Oxford University Press}
}


@article{freyberger2020dissecting,
  title={Dissecting characteristics nonparametrically},
  author={Freyberger, Joachim and Neuhierl, Andreas and Weber, Michael},
  journal={The Review of Financial Studies},
  volume={33},
  number={5},
  pages={2326--2377},
  year={2020},
  publisher={Oxford University Press}
}

@article{feng2024deep,
  title={Deep learning in characteristics-sorted factor models},
  author={Feng, Guanhao and He, Jingyu and Polson, Nicholas G and Xu, Jianeng},
  journal={Journal of Financial and Quantitative Analysis},
  volume={59},
  number={7},
  pages={3001--3036},
  year={2024},
  publisher={Cambridge University Press}
}


@article{rossi2018predicting,
  title={Predicting stock market returns with machine learning},
  author={Rossi, Alberto G},
  journal={Georgetown University},
  year={2018}
}


@article{lettau2020factors,
  title={Factors that fit the time series and cross-section of stock returns},
  author={Lettau, Martin and Pelger, Markus},
  journal={The Review of Financial Studies},
  volume={33},
  number={5},
  pages={2274--2325},
  year={2020},
  publisher={Oxford University Press}
}