@article{sharpe1991arithmetic,
  title={The arithmetic of active management},
  author={Sharpe, William F},
  journal={Financial Analysts Journal},
  volume={47},
  number={1},
  pages={7--9},
  year={1991},
  publisher={Taylor \& Francis},
  url={https://doi.org/10.2469/faj.v47.n1.7}
}
@article{sushko,
	title = {The Implications of Passive Investing for Securities Markets},
	author = {Sushko, Vladyslav and Turner, Grant},
	langid = {en}
}

@article{grossman1980,
	title = {On the Impossibility of Informationally Efficient Markets},
	author = {Grossman, Sanford J. and Stiglitz, Joseph E.},
	year = {1980},
	date = {1980},
	journal = {The American Economic Review},
	pages = {393--408},
	volume = {70},
	number = {3},
	url = {https://www.jstor.org/stable/1805228},
	note = {Publisher: American Economic Association}
}

@article{liu,
	title = {Mapping Causes to Consequences: The Impact of Indexing},
	author = {Liu, Hong and Wang, Yajun},
	doi = {10.2139/ssrn.3166685},
	langid = {en}
}
