@article{han2021expected,
  title={Expected return, volume, and mispricing},
  author={Han, Yufeng and Huang, Dashan and Huang, Dayong and Zhou, Guofu},
  journal={Journal of Financial Economics},
  year={2021},
  publisher={Elsevier},
  url={https://doi.org/10.1016/j.jfineco.2021.05.014}
}