
@article{cochrane2011,
	title = {Presidential Address: Discount Rates},
	author = {COCHRANE, JOHN H.},
	year = {2011},
	month = {07},
	date = {2011-07-19},
	journal = {The Journal of Finance},
	pages = {1047--1108},
	volume = {66},
	number = {4},
	doi = {10.1111/j.1540-6261.2011.01671.x},
	url = {http://dx.doi.org/10.1111/j.1540-6261.2011.01671.x},
	langid = {en}
}

@article{keynes1937,
	title = {The General Theory of Employment},
	author = {Keynes, J. M.},
	year = {1937},
	month = {02},
	date = {1937-02},
	journal = {The Quarterly Journal of Economics},
	pages = {209},
	volume = {51},
	number = {2},
	doi = {10.2307/1882087},
	url = {http://dx.doi.org/10.2307/1882087}
}

@article{koijen2011,
	title = {Predictability of Returns and Cash Flows},
	author = {Koijen, Ralph S.J. and Van Nieuwerburgh, Stijn},
	year = {2011},
	month = {12},
	date = {2011-12-01},
	journal = {Annual Review of Financial Economics},
	pages = {467--491},
	volume = {3},
	number = {1},
	doi = {10.1146/annurev-financial-102710-144905},
	url = {http://dx.doi.org/10.1146/annurev-financial-102710-144905},
	langid = {en}
}

@article{golez2014,
	title = {Expected Returns and Dividend Growth Rates Implied by Derivative Markets},
	author = {Golez, Benjamin},
	year = {2014},
	month = {01},
	date = {2014-01-09},
	journal = {Review of Financial Studies},
	pages = {790--822},
	volume = {27},
	number = {3},
	doi = {10.1093/rfs/hht131},
	url = {http://dx.doi.org/10.1093/rfs/hht131},
	langid = {en}
}

@article{giglio2017,
	title = {Excess Volatility: Beyond Discount Rates*},
	author = {Giglio, Stefano and Kelly, Bryan},
	year = {2017},
	month = {08},
	date = {2017-08-26},
	journal = {The Quarterly Journal of Economics},
	pages = {71--127},
	volume = {133},
	number = {1},
	doi = {10.1093/qje/qjx034},
	url = {http://dx.doi.org/10.1093/qje/qjx034},
	langid = {en}
}

@article{gormsen2021,
	title = {Time Variation of the Equity Term Structure},
	author = {GORMSEN, NIELS JOACHIM},
	year = {2021},
	month = {04},
	date = {2021-04-22},
	journal = {The Journal of Finance},
	pages = {1959--1999},
	volume = {76},
	number = {4},
	doi = {10.1111/jofi.13020},
	url = {http://dx.doi.org/10.1111/jofi.13020},
	langid = {en}
}

@article{gonçalves2021,
	title = {Reinvestment Risk and the Equity Term Structure},
	author = {{GONÇALVES}, ANDREI S.},
	year = {2021},
	month = {05},
	date = {2021-05-14},
	journal = {The Journal of Finance},
	pages = {2153--2197},
	volume = {76},
	number = {5},
	doi = {10.1111/jofi.13035},
	url = {http://dx.doi.org/10.1111/jofi.13035},
	langid = {en}
}
