@article{cochrane2011,
	title = {Presidential Address: Discount Rates},
	author = {COCHRANE, JOHN H.},
	year = {2011},
	month = {07},
	date = {2011-07-19},
	journal = {The Journal of Finance},
	pages = {1047--1108},
	volume = {66},
	number = {4},
	doi = {10.1111/j.1540-6261.2011.01671.x},
	url = {http://dx.doi.org/10.1111/j.1540-6261.2011.01671.x},
	langid = {en}
}

@article{keynes1937,
	title = {The General Theory of Employment},
	author = {Keynes, J. M.},
	year = {1937},
	month = {02},
	date = {1937-02},
	journal = {The Quarterly Journal of Economics},
	pages = {209},
	volume = {51},
	number = {2},
	doi = {10.2307/1882087},
	url = {http://dx.doi.org/10.2307/1882087}
}