@article{Garllagher,
Author = {Gallagher, Justin and Hartley, Daniel},
Title = {Household Finance after a Natural Disaster: The Case of Hurricane Katrina},
Journal = {American Economic Journal: Economic Policy},
Volume = {9},
Number = {3},
Year = {2017},
Month = {August},
Pages = {199-228},
DOI = {10.1257/pol.20140273},
URL = {https://www.aeaweb.org/articles?id=10.1257/pol.20140273}}

@article{ashraf2014household,
  title={Household bargaining and excess fertility: an experimental study in Zambia},
  author={Ashraf, Nava and Field, Erica and Lee, Jean},
  journal={American Economic Review},
  volume={104},
  number={7},
  pages={2210--2237},
  year={2014},
  publisher={American Economic Association 2014 Broadway, Suite 305, Nashville, TN 37203},
  url={https://www.aeaweb.org/articles?id=10.1257/aer.104.7.2210}
}

@inproceedings{doepke2018women,
  title={Women's empowerment, the gender gap in desired fertility, and fertility outcomes in developing countries},
  author={Doepke, Matthias and Tertilt, Mich{\`e}le},
  booktitle={AEA Papers and Proceedings},
  volume={108},
  pages={358--62},
  year={2018},
  url={https://www.aeaweb.org/articles?id=10.1257/pandp.20181085}
}

@article{mccarthy2019intimate,
  title={Intimate partner violence and family planning decisions: Experimental evidence from rural Tanzania},
  author={McCarthy, Aine Seitz},
  journal={World Development},
  volume={114},
  pages={156--174},
  year={2019},
  publisher={Elsevier},
  url={https://doi.org/10.1016/j.worlddev.2018.09.027}
  
}

@article{poterba2000stock,
  title={Stock market wealth and consumption},
  author={Poterba, James M},
  journal={Journal of economic perspectives},
  volume={14},
  number={2},
  pages={99--118},
  year={2000},
  publisher={American Economic Association},
  url={https://www.aeaweb.org/articles?id=10.1257/jep.14.2.99}
}

@article{imbens2001estimating,
  title={Estimating the effect of unearned income on labor earnings, savings, and consumption: Evidence from a survey of lottery players},
  author={Imbens, Guido W and Rubin, Donald B and Sacerdote, Bruce I},
  journal={American economic review},
  volume={91},
  number={4},
  pages={778--794},
  year={2001},
  publisher={American Economic Association},
  url={https://www.aeaweb.org/articles?id=10.1257/aer.91.4.778}
}

@article{cesarini2017effect,
  title={The effect of wealth on individual and household labor supply: evidence from Swedish lotteries},
  author={Cesarini, David and Lindqvist, Erik and Notowidigdo, Matthew J and {\"O}stling, Robert},
  journal={American Economic Review},
  volume={107},
  number={12},
  pages={3917--3946},
  year={2017},
  publisher={American Economic Association 2014 Broadway, Suite 305, Nashville, TN 37203},
  url={https://www.aeaweb.org/articles?id=10.1257/aer.20151589}
}

@article{camerer1997labor,
  title={Labor supply of New York City cabdrivers: One day at a time},
  author={Camerer, Colin and Babcock, Linda and Loewenstein, George and Thaler, Richard},
  journal={The Quarterly Journal of Economics},
  volume={112},
  number={2},
  pages={407--441},
  year={1997},
  publisher={MIT Press},
  url={https://doi.org/10.1162/003355397555244}
}

@article{farber2008reference,
  title={Reference-dependent preferences and labor supply: The case of New York City taxi drivers},
  author={Farber, Henry S},
  journal={American Economic Review},
  volume={98},
  number={3},
  pages={1069--1082},
  year={2008},
  publisher={American Economic Association},
  url={https://www.aeaweb.org/articles?id=10.1257/aer.98.3.1069}
}

@article{agarwal2015composition,
  title={The composition effect of consumption around retirement: Evidence from Singapore},
  author={Agarwal, Sumit and Pan, Jessica and Qian, Wenlan},
  journal={American Economic Review},
  volume={105},
  number={5},
  pages={426--431},
  year={2015},
  publisher={American Economic Association 2014 Broadway, Suite 305, Nashville, TN 37203},
  url={https://www.aeaweb.org/articles?id=10.1257/aer.p20151005}
}

@article{previtero2014stock,
  title={Stock market returns and annuitization},
  author={Previtero, Alessandro},
  journal={Journal of Financial Economics},
  volume={113},
  number={2},
  pages={202--214},
  year={2014},
  publisher={Elsevier},
  url={https://doi.org/10.1016/j.jfineco.2014.04.006}
}