@article{roussanov2021marketing,
  title={Marketing mutual funds},
  author={Roussanov, Nikolai and Ruan, Hongxun and Wei, Yanhao},
  journal={The Review of Financial Studies},
  volume={34},
  number={6},
  pages={3045--3094},
  year={2021},
  publisher={Oxford University Press}
}