
@article{gao2019power,
  title={The power of sharing: Evidence from institutional investor cross-ownership and corporate innovation},
  author={Gao, Kaijuan and Shen, Hanxiao and Gao, Xi and Chan, Kam C},
  journal={International Review of Economics \& Finance},
  volume={63},
  pages={284--296},
  year={2019},
  publisher={Elsevier},
  url={https://doi.org/10.1016/j.iref.2019.01.008}
}

@article{he2017product,
  title={Product market competition in a world of cross-ownership: Evidence from institutional blockholdings},
  author={He, Jie Jack and Huang, Jiekun},
  journal={The Review of Financial Studies},
  volume={30},
  number={8},
  pages={2674--2718},
  year={2017},
  publisher={Oxford University Press},
  url={https://doi.org/10.1093/rfs/hhx028}
}

@article{chen2018institutional,
  title={Institutional cross-ownership and corporate financing of investment opportunities},
  author={Chen, Yangyang and Li, Qingyuan and Ng, Jeffrey},
  journal={Hong Kong Polytechnic University Working Paper},
  year={2018}
}

@article{brooks2018institutional,
  title={Institutional cross-ownership and corporate strategy: The case of mergers and acquisitions},
  author={Brooks, Chris and Chen, Zhong and Zeng, Yeqin},
  journal={Journal of Corporate Finance},
  volume={48},
  pages={187--216},
  year={2018},
  publisher={Elsevier},
  url={https://doi.org/10.1016/j.jcorpfin.2017.11.003}
}

@article{he2019internalizing,
  title={Internalizing governance externalities: The role of institutional cross-ownership},
  author={He, Jie Jack and Huang, Jiekun and Zhao, Shan},
  journal={Journal of Financial Economics},
  volume={134},
  number={2},
  pages={400--418},
  year={2019},
  publisher={Elsevier},
  url={https://doi.org/10.1016/j.jfineco.2018.07.019}
}

@article{kang2018institutional,
  title={Are institutional investors with multiple blockholdings effective monitors?},
  author={Kang, Jun-Koo and Luo, Juan and Na, Hyun Seung},
  journal={Journal of Financial Economics},
  volume={128},
  number={3},
  pages={576--602},
  year={2018},
  publisher={Elsevier},
  url={https://doi.org/10.1016/j.jfineco.2018.03.005}
}

@article{park2019disclosure,
  title={Disclosure incentives when competing firms have common ownership},
  author={Park, Jihwon and Sani, Jalal and Shroff, Nemit and White, Hal},
  journal={Journal of Accounting and Economics},
  volume={67},
  number={2-3},
  pages={387--415},
  year={2019},
  publisher={Elsevier},
  url={https://doi.org/10.1016/j.jacceco.2019.02.001}
}

@article{ramalingegowda2021common,
  title={Common institutional ownership and earnings management},
  author={Ramalingegowda, Santhosh and Utke, Steven and Yu, Yong},
  journal={Contemporary Accounting Research},
  volume={38},
  number={1},
  pages={208--241},
  year={2021},
  publisher={Wiley Online Library},
  url={https://doi.org/10.1111/1911-3846.12628}
}

@article{azar2018anticompetitive,
  title={Anticompetitive effects of common ownership},
  author={Azar, Jos{\'e} and Schmalz, Martin C and Tecu, Isabel},
  journal={The Journal of Finance},
  volume={73},
  number={4},
  pages={1513--1565},
  year={2018},
  publisher={Wiley Online Library},
  url={https://doi.org/10.1111/jofi.12698}
}

@article{azar2022ultimate,
  title={Ultimate ownership and bank competition},
  author={Azar, Jos{\'e} and Raina, Sahil and Schmalz, Martin},
  journal={Financial Management},
  volume={51},
  number={1},
  pages={227--269},
  year={2022},
  publisher={Wiley Online Library},
  url={https://doi.org/10.1111/fima.12368}
}

@article{healy1999review,
  title={A review of the earnings management literature and its implications for standard setting},
  author={Healy, Paul M and Wahlen, James M},
  journal={Accounting horizons},
  volume={13},
  number={4},
  pages={365--383},
  year={1999},
  url={https://doi.org/10.2308/acch.1999.13.4.365}
}

@article{beatty2013spillover,
  title={The spillover effect of fraudulent financial reporting on peer firms' investments},
  author={Beatty, Anne and Liao, Scott and Yu, Jeff Jiewei},
  journal={Journal of Accounting and Economics},
  volume={55},
  number={2-3},
  pages={183--205},
  year={2013},
  publisher={Elsevier},
  url={https://doi.org/10.1016/j.jacceco.2013.01.003}
}

@article{shroff2017does,
  title={When does the peer information environment matter?},
  author={Shroff, Nemit and Verdi, Rodrigo S and Yost, Benjamin P},
  journal={Journal of Accounting and Economics},
  volume={64},
  number={2-3},
  pages={183--214},
  year={2017},
  publisher={Elsevier},
  url={https://doi.org/10.1016/j.jacceco.2017.03.005}
}

@article{kacperczyk2005industry,
  title={On the industry concentration of actively managed equity mutual funds},
  author={Kacperczyk, Marcin and Sialm, Clemens and Zheng, Lu},
  journal={The Journal of Finance},
  volume={60},
  number={4},
  pages={1983--2011},
  year={2005},
  publisher={Wiley Online Library},
  url={https://doi.org/10.1111/j.1540-6261.2005.00785.x}
}

@article{kang2018institutional,
  title={Are institutional investors with multiple blockholdings effective monitors?},
  author={Kang, Jun-Koo and Luo, Juan and Na, Hyun Seung},
  journal={Journal of Financial Economics},
  volume={128},
  number={3},
  pages={576--602},
  year={2018},
  publisher={Elsevier},
  url={https://doi.org/10.1016/j.jfineco.2018.03.005}
}

@article{he2019internalizing,
  title={Internalizing governance externalities: The role of institutional cross-ownership},
  author={He, Jie Jack and Huang, Jiekun and Zhao, Shan},
  journal={Journal of Financial Economics},
  volume={134},
  number={2},
  pages={400--418},
  year={2019},
  publisher={Elsevier},
  url={https://doi.org/10.1016/j.jfineco.2018.07.019}
}

@article{edmans2019governance,
  title={Governance under common ownership},
  author={Edmans, Alex and Levit, Doron and Reilly, Devin},
  journal={The Review of Financial Studies},
  volume={32},
  number={7},
  pages={2673--2719},
  year={2019},
  publisher={Oxford University Press},
  url={https://doi.org/10.1093/rfs/hhy108}
}

@article{maffett2012financial,
  title={Financial reporting opacity and informed trading by international institutional investors},
  author={Maffett, Mark},
  journal={Journal of Accounting and Economics},
  volume={54},
  number={2-3},
  pages={201--220},
  year={2012},
  publisher={Elsevier},
  url={https://doi.org/10.1016/j.jacceco.2012.09.002}
}

@article{hart1979shareholder,
  title={On shareholder unanimity in large stock market economies},
  author={Hart, Oliver D},
  journal={Econometrica: Journal of the Econometric Society},
  pages={1057--1083},
  year={1979},
  publisher={JSTOR},
  url={https://doi.org/10.2307/1911950}
}

@article{hansen1996externalities,
  title={Externalities and corporate objectives in a world with diversified shareholder/consumers},
  author={Hansen, Robert G and Lott, John R},
  journal={Journal of Financial and Quantitative Analysis},
  volume={31},
  number={1},
  pages={43--68},
  year={1996},
  publisher={Cambridge University Press},
  url={https://doi.org/10.2307/2331386}
}

@article{brooks2018institutional,
  title={Institutional cross-ownership and corporate strategy: The case of mergers and acquisitions},
  author={Brooks, Chris and Chen, Zhong and Zeng, Yeqin},
  journal={Journal of Corporate Finance},
  volume={48},
  pages={187--216},
  year={2018},
  publisher={Elsevier},
  url={https://doi.org/10.1016/j.jcorpfin.2017.11.003}
}


@article{akdougu2008investment,
  title={Investment and competition},
  author={Akdo{\u{g}}u, Evrim and MacKay, Peter},
  journal={Journal of Financial and Quantitative Analysis},
  volume={43},
  number={2},
  pages={299--330},
  year={2008},
  publisher={Cambridge University Press},
  url={https://doi.org/10.1017/S0022109000003537}
}

@article{leary2014peer,
  title={Do peer firms affect corporate financial policy?},
  author={Leary, Mark T and Roberts, Michael R},
  journal={The Journal of Finance},
  volume={69},
  number={1},
  pages={139--178},
  year={2014},
  publisher={Wiley Online Library},
  url={https://doi.org/10.1111/jofi.12094}
}

@article{parsons2018geography,
  title={The geography of financial misconduct},
  author={Parsons, Christopher A and Sulaeman, Johan and Titman, Sheridan},
  journal={The Journal of Finance},
  volume={73},
  number={5},
  pages={2087--2137},
  year={2018},
  publisher={Wiley Online Library},
  url={https://doi.org/10.1111/jofi.12704}
}

@incollection{rogers2014diffusion,
  title={Diffusion of innovations},
  author={Rogers, Everett M and Singhal, Arvind and Quinlan, Margaret M},
  booktitle={An integrated approach to communication theory and research},
  pages={432--448},
  year={2014},
  publisher={Routledge},
  url={https://doi.org/10.4324/9780203887011}
}

@article{barnea2009director,
  title={Director networks},
  author={Barnea, Amir and Guedj, Ilan},
  journal={Available at SSRN 966555},
  year={2009},
  url={https://pdfs.semanticscholar.org/84d3/cd6c2fc40c2213df08205c2773a4fe9d7a02.pdf}
}

@techreport{larcker2006director,
  title={Director networks, executive compensation, and organizational performance},
  author={Larcker, David and Richardson, Scott A and Seary, Andrew J and Tuna, Irem},
  year={2006},
  institution={Working paper, Stanford University}
}

@article{kacperczyk2005industry,
  title={On the industry concentration of actively managed equity mutual funds},
  author={Kacperczyk, Marcin and Sialm, Clemens and Zheng, Lu},
  journal={The Journal of Finance},
  volume={60},
  number={4},
  pages={1983--2011},
  year={2005},
  publisher={Wiley Online Library},
  url={ https://doi.org/10.1111/j.1540-6261.2005.00785.x}
}

@article{gilo2006partial,
  title={Partial cross ownership and tacit collusion},
  author={Gilo, David and Moshe, Yossi and Spiegel, Yossi},
  journal={The Rand journal of economics},
  volume={37},
  number={1},
  pages={81--99},
  year={2006},
  publisher={Wiley Online Library},
  url={https://doi.org/10.1111/j.1756-2171.2006.tb00005.x}
}

@article{allen2000corporate,
  title={Corporate equity ownership, strategic alliances, and product market relationships},
  author={Allen, Jeffrey W and Phillips, Gordon M},
  journal={The Journal of Finance},
  volume={55},
  number={6},
  pages={2791--2815},
  year={2000},
  publisher={Wiley Online Library},
  url={https://doi.org/10.1111/0022-1082.00307}
}

@article{fee2006corporate,
  title={Corporate equity ownership and the governance of product market relationships},
  author={Fee, C Edward and Hadlock, Charles J and Thomas, Shawn},
  journal={The Journal of Finance},
  volume={61},
  number={3},
  pages={1217--1251},
  year={2006},
  publisher={Wiley Online Library},
  url={https://doi.org/10.1111/j.1540-6261.2006.00871.x}
}

@article{harford2011institutional,
  title={Institutional cross-holdings and their effect on acquisition decisions},
  author={Harford, Jarrad and Jenter, Dirk and Li, Kai},
  journal={Journal of Financial Economics},
  volume={99},
  number={1},
  pages={27--39},
  year={2011},
  publisher={Elsevier},
  url={https://doi.org/10.1016/j.jfineco.2010.08.008}
}

@article{becht2016does,
  title={Does mandatory shareholder voting prevent bad acquisitions?},
  author={Becht, Marco and Polo, Andrea and Rossi, Stefano},
  journal={The Review of financial studies},
  volume={29},
  number={11},
  pages={3035--3067},
  year={2016},
  publisher={Society for Financial Studies},
  url={https://doi.org/10.1093/rfs/hhw045}
}

@article{grossman1980stockholder,
  title={Stockholder unanimity in making production and financial decisions},
  author={Grossman, Sanford J and Stiglitz, Joseph E},
  journal={The Quarterly Journal of Economics},
  volume={94},
  number={3},
  pages={543--566},
  year={1980},
  publisher={MIT Press},
  url={https://doi.org/10.2307/1884584}
}

@article{parker1997collusive,
  title={Collusive conduct in duopolies: multimarket contact and cross-ownership in the mobile telephone industry},
  author={Parker, Philip M and R{\"o}ller, Lars-Hendrik},
  journal={The RAND Journal of Economics},
  pages={304--322},
  year={1997},
  publisher={JSTOR},
  url={https://doi.org/10.2307/2555807}
  
}

@article{hansen1996externalities,
  title={Externalities and corporate objectives in a world with diversified shareholder/consumers},
  author={Hansen, Robert G and Lott, John R},
  journal={Journal of Financial and Quantitative Analysis},
  volume={31},
  number={1},
  pages={43--68},
  year={1996},
  publisher={Cambridge University Press},
  url={https://doi.org/10.2307/2331386}
}

@article{rubin2006diversification,
  title={Diversification and corporate decisions},
  author={Rubin, Amir and others},
  journal={Corporate Ownership and Control},
  volume={3},
  number={3},
  pages={209--212},
  year={2006},
  publisher={Citeseer},
  url={https://citeseerx.ist.psu.edu/document?repid=rep1&type=pdf&doi=221d539ffa3347c4f21f5914f648fa8484b93083}
}

@article{margotta2010adolf,
  title={Adolf Berle and revolution in the modern corporation},
  author={Margotta, Donald},
  journal={The Business Review},
  volume={15},
  number={2},
  year={2010},
  url={https://ssrn.com/abstract=1844693}
}

@article{hart1979shareholder,
  title={On shareholder unanimity in large stock market economies},
  author={Hart, Oliver D},
  journal={Econometrica: Journal of the Econometric Society},
  pages={1057--1083},
  year={1979},
  publisher={JSTOR},
  url={https://doi.org/10.2307/1911950}
}

@article{azar2017portfolio,
  title={Portfolio diversification, market power, and the theory of the firm},
  author={Azar, Jos{\'e}},
  journal={Market Power, and the Theory of the Firm (August 23, 2017)},
  year={2017},
  url={https://ssrn.com/abstract=2811221}
}
@phdthesis{azar2012new,
  title={A new look at oligopoly: Implicit collusion through portfolio diversification},
  author={Azar, Jos{\'e}},
  year={2012},
  school={Princeton University},
  url={https://www.proquest.com/docview/1239709452?pq-origsite=gscholar&fromopenview=true}
}

@article{bresnahan1986quantifying,
  title={Quantifying the competitive effects of production joint ventures},
  author={Bresnahan, Timothy F and Salop, Steven C},
  journal={International Journal of Industrial Organization},
  volume={4},
  number={2},
  pages={155--175},
  year={1986},
  publisher={Elsevier},
  url={https://doi.org/10.1016/0167-7187(86)90028-7}
}

@article{brav2008hedge,
  title={Hedge fund activism, corporate governance, and firm performance},
  author={Brav, Alon and Jiang, Wei and Partnoy, Frank and Thomas, Randall},
  journal={The Journal of Finance},
  volume={63},
  number={4},
  pages={1729--1775},
  year={2008},
  publisher={Wiley Online Library},
  url={https://doi.org/10.1111/j.1540-6261.2008.01373.x}
}

@article{brav2012real,
  title={The real effects of hedge fund activism: Productivity, risk, and product market competition},
  author={Brav, Alon and Jiang, Wei and Kim, Hyunseob},
  journal={US Census Bureau Center for Economic Studies Paper No. CES-WP-12-14, Johnson School Research Paper Series},
  number={33-2012},
  year={2012},
  url={http://dx.doi.org/10.2139/ssrn.2159877}
}

@techreport{gutierrez2016investment,
  title={Investment-less growth: An empirical investigation},
  author={Guti{\'e}rrez, Germ{\'a}n and Philippon, Thomas},
  year={2016},
  institution={National Bureau of Economic Research},
  url={https://www.nber.org/system/files/working_papers/w22897/w22897.pdf?source=post_page---------------------------}
}

@article{hicks1935annual,
  title={Annual survey of economic theory: the theory of monopoly},
  author={Hicks, John R},
  journal={Econometrica: Journal of the Econometric Society},
  pages={1--20},
  year={1935},
  publisher={JSTOR},
  url={https://doi.org/10.2307/1907343}
}

@article{mccahery2016behind,
  title={Behind the scenes: The corporate governance preferences of institutional investors},
  author={McCahery, Joseph A and Sautner, Zacharias and Starks, Laura T},
  journal={The Journal of Finance},
  volume={71},
  number={6},
  pages={2905--2932},
  year={2016},
  publisher={Wiley Online Library},
  url={https://doi.org/10.1111/jofi.12393}
}

@article{dimson2015active,
  title={Active ownership},
  author={Dimson, Elroy and Karaka{\c{s}}, O{\u{g}}uzhan and Li, Xi},
  journal={The Review of Financial Studies},
  volume={28},
  number={12},
  pages={3225--3268},
  year={2015},
  publisher={Oxford University Press},
  url={https://doi.org/10.1093/rfs/hhv044}
}

@article{appel2016passive,
  title={Passive investors, not passive owners},
  author={Appel, Ian R and Gormley, Todd A and Keim, Donald B},
  journal={Journal of Financial Economics},
  volume={121},
  number={1},
  pages={111--141},
  year={2016},
  publisher={Elsevier},
  url={https://doi.org/10.1016/j.jfineco.2016.03.003}
}

@article{mullins2014governance,
  title={The governance impact of index funds: Evidence from regression discontinuity},
  author={Mullins, William},
  journal={Work. Pap., Sloan Sch. Manag., Mass. Inst. Technol},
  year={2014}
}

@article{boone2015effect,
  title={The effect of institutional ownership on firm transparency and information production},
  author={Boone, Audra L and White, Joshua T},
  journal={Journal of Financial Economics},
  volume={117},
  number={3},
  pages={508--533},
  year={2015},
  publisher={Elsevier},
  url={https://doi.org/10.1016/j.jfineco.2015.05.008}
}
@article{
  barman2022,
  series={CMAE’21},
  title={A critical review of determinants of financial innovation in global perspective},
  volume={51},
  ISSN={2214-7853},
  url={https://www.sciencedirect.com/science/article/pii/S2214785321034908},
  DOI={10.1016/j.matpr.2021.04.565},
  journal={Materials Today: Proceedings},
  author={Barman, Rajesh Deb and Hanfy, Fathimunisa B. A. and Rajendran, Ratchana and Masood, Gazala and Dias, Beena and Maroor, Jnaneshwar Pai},
  year={2022},
  month={Jan},
  pages={88–94},
collection={CMAE’21} }
