@article{迟骏2019,
  title={投资者交易行为与 ETF 价格波动},
  author={迟骏 and 杨春鹏},
  journal={投资研究},
  volume={38},
  number={03},
  pages={133--143},
  year={2019}
}

@article{王美今2004中国股市收益,
  title={中国股市收益, 收益波动与投资者情绪},
  author={王美今 and 孙建军},
  journal={经济研究},
  volume={10},
  pages={75--83},
  year={2004}
}

@article{伍燕然2007不完全理性,
  title={不完全理性, 投资者情绪与封闭式基金之谜},
  author={伍燕然 and 韩立岩},
  journal={经济研究},
  number={3},
  pages={117--129},
  year={2007},
  publisher={Wiley Online Library}
}

@article{杨墨竹2013etf,
  title={ETF 资金流, 市场收益与投资者情绪——来自 A 股市场的经验证据},
  author={杨墨竹},
  journal={金融研究},
  number={4},
  pages={156--169},
  year={2013}
}

@article{易志高2009中国股市投资者情绪测量研究,
  title={中国股市投资者情绪测量研究: CICSI 的构建},
  author={易志高 and 茅宁},
  journal={金融研究},
  number={11},
  pages={174--184},
  year={2009}
}

@article{杨晓兰2016本地偏好,
  title={本地偏好, 投资者情绪与股票收益率: 来自网络论坛的经验证据},
  author={杨晓兰 and 沈翰彬 and 祝宇},
  journal={金融研究},
  volume={438},
  number={12},
  pages={143--158},
  year={2016}
}

@article{何诚颖2021投资者情绪,
  title={投资者情绪, 有限套利与股价异象},
  author={何诚颖 and 陈锐 and 薛冰 and 何牧原},
  journal={经济研究},
  year={2021},
  volume={56},
  number={01},
  pages={58--73}
}

@article{jegadeesh1993returns,
  title={Returns to buying winners and selling losers: Implications for stock market efficiency},
  author={Jegadeesh, Narasimhan and Titman, Sheridan},
  journal={The Journal of finance},
  volume={48},
  number={1},
  pages={65--91},
  year={1993},
  publisher={Wiley Online Library}
}

@article{stambaugh2015arbitrage,
  title={Arbitrage asymmetry and the idiosyncratic volatility puzzle},
  author={Stambaugh, Robert F and Yu, Jianfeng and Yuan, Yu},
  journal={The Journal of Finance},
  volume={70},
  number={5},
  pages={1903--1948},
  year={2015},
  publisher={Wiley Online Library}
}

@article{rompotis2010does,
  title={Does premium impact exchange-traded funds’ returns? Evidence from iShares},
  author={Rompotis, Gerasimos Georgiou},
  journal={Journal of Asset Management},
  volume={11},
  number={4},
  pages={298--308},
  year={2010},
  publisher={Springer}
}

@article{fulkerson2013,
  title={Predictability in bond ETF returns},
  author={Fulkerson, Jon A and Jordan, Susan D and Riley, Timothy B},
  journal={The Journal of Fixed Income},
  volume={23},
  number={3},
  pages={50--63},
  year={2013},
  publisher={Institutional Investor Journals Umbrella}
}

@article{brown2021etf,
  title={ETF arbitrage, non-fundamental demand, and return predictability},
  author={Brown, David C and Davies, Shaun William and Ringgenberg, Matthew C},
  journal={Review of Finance},
  volume={25},
  number={4},
  pages={937--972},
  year={2021},
  publisher={Oxford University Press}
}

@article{israeli2017there,
  title={Is there a dark side to exchange traded funds? An information perspective},
  author={Israeli, Doron and Lee, Charles and Sridharan, Suhas A},
  journal={Review of Accounting Studies},
  volume={22},
  number={3},
  pages={1048--1083},
  year={2017},
  publisher={Springer}
}

@article{ben2018etfs,
  title={Do ETFs increase volatility?},
  author={Ben-David, Itzhak and Franzoni, Francesco and Moussawi, Rabih},
  journal={The Journal of Finance},
  volume={73},
  number={6},
  pages={2471--2535},
  year={2018},
  publisher={Wiley Online Library}
}

@article{box2021intraday,
  title={Intraday arbitrage between ETFs and their underlying portfolios},
  author={Box, Travis and Davis, Ryan and Evans, Richard and Lynch, Andrew},
  journal={Journal of Financial Economics},
  volume={141},
  number={3},
  pages={1078--1095},
  year={2021},
  publisher={Elsevier}
}

@article{daniel1997measuring,
  title={Measuring mutual fund performance with characteristic-based benchmarks},
  author={Daniel, Kent and Grinblatt, Mark and Titman, Sheridan and Wermers, Russ},
  journal={The Journal of finance},
  volume={52},
  number={3},
  pages={1035--1058},
  year={1997},
  publisher={Wiley Online Library}
}



@article{baker2006investor,
  title={Investor sentiment and the cross-section of stock returns},
  author={Baker, Malcolm and Wurgler, Jeffrey},
  journal={The journal of Finance},
  volume={61},
  number={4},
  pages={1645--1680},
  year={2006},
  url={https://doi.org/10.1111/j.1540-6261.2006.00885.x},
  publisher={Wiley Online Library}
}



@article{pontiff1996costly,
  title={Costly arbitrage: Evidence from closed-end funds},
  author={Pontiff, Jeffrey},
  journal={The Quarterly Journal of Economics},
  volume={111},
  number={4},
  pages={1135--1151},
  year={1996},
  publisher={MIT Press}
}

@article{flynn2005noise,
  title={Noise-trader risk: does it deter arbitrage, and is it priced?},
  author={Flynn, Sean Masaki and others},
  journal={Vassar College Department of Economics Working Papers},
  volume={69},
  year={2005}
}

@article{barberis2003survey,
  title={A survey of behavioral finance},
  author={Barberis, Nicholas and Thaler, Richard},
  journal={Handbook of the Economics of Finance},
  volume={1},
  pages={1053--1128},
  year={2003},
  publisher={Elsevier}
}

@article{mashruwala2006accrual,
  title={Why is the accrual anomaly not arbitraged away? The role of idiosyncratic risk and transaction costs},
  author={Mashruwala, Christina and Rajgopal, Shivaram and Shevlin, Terry},
  journal={Journal of Accounting and Economics},
  volume={42},
  number={1-2},
  pages={3--33},
  year={2006},
  publisher={Elsevier}
}

@article{stambaugh2015arbitrage,
  title={Arbitrage asymmetry and the idiosyncratic volatility puzzle},
  author={Stambaugh, Robert F and Yu, Jianfeng and Yuan, Yu},
  journal={The Journal of Finance},
  volume={70},
  number={5},
  pages={1903--1948},
  year={2015},
  publisher={Wiley Online Library}
}

@article{huang2021innovation,
  title={Innovation and informed trading: Evidence from industry ETFs},
  author={Huang, Shiyang and O’Hara, Maureen and Zhong, Zhuo},
  journal={The Review of Financial Studies},
  volume={34},
  number={3},
  pages={1280--1316},
  year={2021},
  publisher={Oxford University Press}
}



@article{keynes1937general,
  title={The general theory of employment},
  author={Keynes, John Maynard},
  journal={The quarterly journal of economics},
  volume={51},
  number={2},
  pages={209--223},
  year={1937},
  publisher={MIT press}
}

@article{black1986noise,
  title={Noise},
  author={Black, Fischer},
  journal={The journal of finance},
  volume={41},
  number={3},
  pages={528--543},
  year={1986},
  publisher={Wiley Online Library}
}

@article{kumar2006retail,
  title={Retail investor sentiment and return comovements},
  author={Kumar, Alok and Lee, Charles MC},
  journal={The Journal of Finance},
  volume={61},
  number={5},
  pages={2451--2486},
  year={2006},
  publisher={Wiley Online Library}
}

@article{tetlock2007giving,
  title={Giving content to investor sentiment: The role of media in the stock market},
  author={Tetlock, Paul C},
  journal={The Journal of finance},
  volume={62},
  number={3},
  pages={1139--1168},
  year={2007},
  publisher={Wiley Online Library}
}

@article{hughen2009efficiency,
  title={The efficiency of international information flow: Evidence from the ETF and CEF prices},
  author={Hughen, J Christopher and Mathew, Prem G},
  journal={International Review of Financial Analysis},
  volume={18},
  number={1-2},
  pages={40--49},
  year={2009},
  publisher={Elsevier}
}

@article{levy2013overreaction,
  title={Overreaction of country ETFs to US market returns: Intraday vs. daily horizons and the role of synchronized trading},
  author={Levy, Ariel and Lieberman, Offer},
  journal={Journal of Banking \& Finance},
  volume={37},
  number={5},
  pages={1412--1421},
  year={2013},
  publisher={Elsevier}
}

@article{engle2006premiums,
  title={Premiums-discounts and exchange traded funds},
  author={Engle, Robert F and Sarkar, Debojyoti},
  journal={The Journal of Derivatives},
  volume={13},
  number={4},
  pages={27--45},
  year={2006},
  publisher={Institutional Investor Journals Umbrella}
}

@article{ackert2008arbitrage,
  title={Arbitrage, liquidity, and the valuation of exchange traded funds},
  author={Ackert, Lucy F and Tian, Yisong S},
  journal={Financial markets, institutions \& instruments},
  volume={17},
  number={5},
  pages={331--362},
  year={2008},
  publisher={Wiley Online Library}
}