
@article{stambaugh2017,
	title = {Mispricing Factors},
	author = {Stambaugh, Robert F. and Yuan, Yu},
	year = {2017},
	month = {04},
	date = {2017-04-01},
	journal = {The Review of Financial Studies},
	pages = {1270--1315},
	volume = {30},
	number = {4},
	doi = {10.1093/rfs/hhw107},
	url = {https://academic.oup.com/rfs/article/30/4/1270/2965095},
	langid = {en}
}

@book{datavis,
	title = {Data visualization}
}

l = {https://rss.onlinelibrary.wiley.com/doi/10.1111/j.2517-6161.1996.tb02080.x},
	langid = {en}
}

@article{tibshirani1996regression,
  title={Regression shrinkage and selection via the lasso},
  author={Tibshirani, Robert},
  journal={Journal of the Royal Statistical Society Series B: Statistical Methodology},
  volume={58},
  number={1},
  pages={267--288},
  year={1996},
  publisher={Oxford University Press}
}

@article{pastor2000portfolio,
  title={Portfolio selection and asset pricing models},
  author={P{\'a}stor, L'ubo{\v{s}}},
  journal={The Journal of Finance},
  volume={55},
  number={1},
  pages={179--223},
  year={2000},
  publisher={Wiley Online Library}
}

@article{pastor2000comparing,
  title={Comparing asset pricing models: an investment perspective},
  author={P{\'a}stor, L'ubo{\v{s}} and Stambaugh, Robert F},
  journal={Journal of Financial Economics},
  volume={56},
  number={3},
  pages={335--381},
  year={2000},
  publisher={Elsevier}
}


@article{zou2005regularization,
  title={Regularization and variable selection via the elastic net},
  author={Zou, Hui and Hastie, Trevor},
  journal={Journal of the Royal Statistical Society Series B: Statistical Methodology},
  volume={67},
  number={2},
  pages={301--320},
  year={2005},
  publisher={Oxford University Press}
}

@article{zou2005,
	title = {Regularization and Variable Selection Via the Elastic Net},
	author = {Zou, Hui and Hastie, Trevor},
	year = {2005},
	month = {04},
	date = {2005-04-01},
	journal = {Journal of the Royal Statistical Society Series B: Statistical Methodology},
	pages = {301--320},
	volume = {67},
	number = {2},
	doi = {10.1111/j.1467-9868.2005.00503.x},
	url = {https://doi.org/10.1111/j.1467-9868.2005.00503.x},
	langid = {en}
}

@article{kozak2018interpreting,
  title={Interpreting factor models},
  author={Kozak, Serhiy and Nagel, Stefan and Santosh, Shrihari},
  journal={The Journal of Finance},
  volume={73},
  number={3},
  pages={1183--1223},
  year={2018},
  publisher={Wiley Online Library}
}

@article{kozak2020,
	title = {Shrinking the cross-section},
	author = {Kozak, Serhiy and Nagel, Stefan and Santosh, Shrihari},
	year = {2020},
	month = {02},
	date = {2020-02},
	journal = {Journal of Financial Economics},
	pages = {271--292},
	volume = {135},
	number = {2},
	doi = {10.1016/j.jfineco.2019.06.008},
	url = {https://linkinghub.elsevier.com/retrieve/pii/S0304405X19301655},
	langid = {en}
}
