@article{holden2014liquidity,
  title={Liquidity measurement problems in fast, competitive markets: Expensive and cheap solutions},
  author={Holden, Craig W and Jacobsen, Stacey},
  journal={The Journal of Finance},
  volume={69},
  number={4},
  pages={1747--1785},
  year={2014},
  publisher={Wiley Online Library},
  url={https://doi.org/10.1111/jofi.12127}
}

@article{stoikov2018micro,
  title={The micro-price: a high-frequency estimator of future prices},
  author={Stoikov, Sasha},
  journal={Quantitative Finance},
  volume={18},
  number={12},
  pages={1959--1966},
  year={2018},
  publisher={Taylor \& Francis},
  url={The micro-price: a high-frequency estimator of future prices}
}

@article{HAGSTROMER2021314,
title = {Bias in the effective bid-ask spread},
journal = {Journal of Financial Economics},
volume = {142},
number = {1},
pages = {314-337},
year = {2021},
issn = {0304-405X},
doi = {https://doi.org/10.1016/j.jfineco.2021.04.018},
url = {https://www.sciencedirect.com/science/article/pii/S0304405X21001458},
author = {Björn Hagströmer},

}

@article{roll1984simple,
  title={A simple implicit measure of the effective bid-ask spread in an efficient market},
  author={Roll, Richard},
  journal={The Journal of finance},
  volume={39},
  number={4},
  pages={1127--1139},
  year={1984},
  publisher={Wiley Online Library},
  url={https://doi.org/10.1111/j.1540-6261.1984.tb03897.x}
}

@article{hasbrouck2009trading,
  title={Trading costs and returns for US equities: Estimating effective costs from daily data},
  author={Hasbrouck, Joel},
  journal={The Journal of Finance},
  volume={64},
  number={3},
  pages={1445--1477},
  year={2009},
  publisher={Wiley Online Library},
  url={https://doi.org/10.1111/j.1540-6261.2009.01469.x}
}

@article{corwin2012simple,
  title={A simple way to estimate bid-ask spreads from daily high and low prices},
  author={Corwin, Shane A and Schultz, Paul},
  journal={The journal of finance},
  volume={67},
  number={2},
  pages={719--760},
  year={2012},
  publisher={Wiley Online Library},
  url={https://doi.org/10.1111/j.1540-6261.2012.01729.x}
}

@article{hhx084,
    author = {Abdi, Farshid and Ranaldo, Angelo},
    title = {A Simple Estimation of Bid-Ask Spreads from Daily Close, High, and Low Prices},
    journal = {The Review of Financial Studies},
    volume = {30},
    number = {12},
    pages = {4437-4480},
    year = {2017},
    month = {08},
    url = {https://doi.org/10.1093/rfs/hhx084},
    eprint = {https://academic.oup.com/rfs/article-pdf/30/12/4437/28665740/hhx084.pdf}
}

@article{jahan2023low,
  title={When Do Low-Frequency Measures Really Measure Effective Spreads? Evidence from Equity and Foreign Exchange Markets},
  author={Jahan-Parvar, Mohammad R and Zikes, Filip},
  journal={The Review of Financial Studies},
  volume={36},
  number={10},
  pages={4190--4232},
  year={2023},
  publisher={Oxford University Press},
  url={https://doi.org/10.1093/rfs/hhad028}
}



@article{stoikov2018micro,
  title={The micro-price: a high-frequency estimator of future prices},
  author={Stoikov, Sasha},
  journal={Quantitative Finance},
  volume={18},
  number={12},
  pages={1959--1966},
  year={2018},
  publisher={Taylor \& Francis},
  url={https://doi.org/10.1080/14697688.2018.1489139}
}


@article{abdi2017simple,
  title={A simple estimation of bid-ask spreads from daily close, high, and low prices},
  author={Abdi, Farshid and Ranaldo, Angelo},
  journal={The Review of Financial Studies},
  volume={30},
  number={12},
  pages={4437--4480},
  year={2017},
  publisher={Oxford University Press},
  url={https://doi.org/10.1093/rfs/hhx084}
}